2080 2990
690 224 902 257 Commune
928 224 1182 266 plurimorum
1208 222 1429 266 Martyrum.

473 318 674 358 Psalmus
694 319 757 358 33.

289 373 516 415 enedicam
552 373 791 414 Deminum
832 374 875 414 in
913 374 1030 414 omni

293 432 510 482 tempore:
526 430 548 454 *
568 442 743 481 semper
763 429 857 470 laus
878 430 968 480 ejus
988 430 1030 470 in

199 500 275 528 ore
295 499 406 527 meo.

250 544 300 583 In
327 543 427 583 1)ῆο
459 541 710 583 laudabitur
739 542 883 583 anima
915 555 1031 583 mea:

198 601 221 624 ¹⁸¹
241 598 421 640 audiant
438 598 654 639 mansueti
673 603 716 639 et
741 598 954 639 laetentur.

250 655 530 706 Magnificate
547 655 785 696 Deminum
805 667 993 695 mecum:
1008 655 1031 680 *

199 718 242 754 et
254 712 496 753 exaltemus
507 724 666 753 nomen
675 712 766 762 ejus
775 711 818 751 in
829 710 1031 763 idipsum.

251 769 479 820 Exquisivi
505 768 759 816 Dominum,
789 772 832 808 et
857 766 1031 808 exaudi-

199 826 262 866 vit
280 838 366 866 me:
385 826 407 850 *
428 829 473 866 et
493 837 548 865 ex
568 823 769 865 omnibus
789 822 1031 865 tribulatio—

199 881 327 922 nibus
346 881 455 922 meis
475 880 635 932 eripuit
653 892 734 921 me.

252 936 465 978 Accedite
498 936 554 977 ad
587 949 705 985 eum,
745 941 789 977 et
821 935 1031 976 illumina-

199 994 317 1034 mini:
343 994 365 1018 *
391 998 435 1034 et
463 993 596 1033 facies
625 997 785 1033 vestrae
814 1004 900 1032 non
931 1004 1030 1032 con-

199 1049 446 1090 fundentur.

252 1107 341 1147 Iste
366 1118 535 1158 pauper
561 1105 782 1154 clamavit,
821 1110 864 1146 et
883 1105 1032 1145 Domi-

199 1176 280 1203 nus
306 1161 530 1203 exaudivit
550 1174 666 1202 eum:
694 1162 717 1186 *
747 1166 790 1202 et
817 1160 872 1202 de
898 1161 1032 1201 (imni-

199 1218 282 1259 bus
324 1216 678 1259 tribulationibus
716 1218 807 1268 ejus
847 1216 1033 1258 salvavit

201 1288 311 1316 eum.

251 1331 466 1371 Immittet
480 1330 677 1380 Angelus
694 1329 871 1370 Domini
891 1330 935 1370 in
955 1329 1032 1370 cir-

200 1388 318 1428 cuitu
343 1387 589 1428 timentium
609 1399 724 1427 eum:
752 1386 776 1411 *
805 1390 849 1427 et
877 1386 1034 1438 eripiet

201 1456 289 1484 eos.

253 1500 451 1549 Gustata
480 1503 523 1540 et
542 1498 689 1540 videte
711 1499 918 1550 quoniam
938 1500 1034 1540 sua-

200 1556 266 1597 vis
286 1560 352 1597 est
371 1556 602 1596 Deminus:
626 1556 649 1581 *
677 1555 835 1597 beatus
855 1555 931 1604 vir,
961 1555 1034 1607 qui

203 1617 353 1664 sperat
372 1612 415 1652 in
434 1624 498 1653 eo.

253 1668 425 1709 Timete
451 1668 689 1708 Deminum
716 1681 868 1709 omnes
895 1668 1034 1709 sancti

201 1725 308 1775 ejus:
331 1725 354 1749 *
382 1724 588 1776 quoniam
611 1737 699 1765 non
727 1729 794 1766 est
818 1724 965 1776 inopia
986 1724 1034 1764 ti-

200 1779 420 1821 mentibus
439 1793 550 1821 eum.

252 1837 423 1878 Divites
439 1838 652 1886 eguerunt
673 1842 716 1878 et
736 1837 998 1878 esurierunt:
1012 1836 1035 1861 *

200 1893 469 1945 inquirentes
502 1898 649 1934 autem
681 1893 918 1934 Deminum
947 1905 1036 1933 non

200 1950 449 1990 minuentur
470 1949 589 1990 omni
610 1949 741 1990 bono.

254 2006 414 2047 Venite
438 2005 531 2055 filii,
569 2005 717 2047 audite
746 2019 832 2047 me:
860 2007 883 2031 ¹⁸¹
910 2006 1036 2047 timo-

202 2075 295 2102 rem
315 2062 493 2102 Domini
513 2061 685 2103 docebo
705 2075 797 2103 vos.

255 2118 363 2167 Quis
387 2123 454 2158 est
478 2117 612 2159 homo
634 2118 708 2169 qui
732 2118 826 2159 vult
843 2118 994 2159 vitam:
1013 2118 1037 2143 *

203 2173 343 2224 diligit
364 2173 457 2215 dies
478 2173 628 2215 videre
647 2172 812 2216 bonos?

254 2229 446 2271 Prehibe
467 2230 659 2280 linguam
678 2235 799 2271 tuam
819 2244 844 2272 a
862 2230 995 2272 malo:
1014 2231 1037 2256 *

204 2291 248 2328 et
266 2285 382 2327 labia
400 2291 476 2327 tua
495 2299 550 2327 ne
570 2285 807 2338 loquantur
827 2286 988 2328 dolum.

255 2343 438 2384 Diverte
458 2355 483 2383 a
503 2342 636 2390 malo,
665 2347 709 2383 et
728 2342 796 2383 fac
815 2342 996 2384 bonum:
1014 2343 1037 2368 *

203 2399 374 2450 inquire
394 2411 562 2450 pacem,
583 2403 627 2439 et
646 2400 914 2450 persequere
930 2411 1038 2439 eam.

257 2454 384 2495 Oculi
403 2454 581 2495 Demini
608 2467 741 2506 super
766 2455 918 2505 justos:
944 2455 967 2481 *
993 2460 1037 2496 et

205 2523 332 2552 aures
353 2512 445 2562 ejus
463 2510 506 2551 in
527 2523 683 2562 preces
702 2512 866 2551 eorum.

257 2567 418 2608 Vultus
444 2572 591 2607 autem
615 2566 793 2607 Domini
819 2579 951 2618 super
982 2566 1039 2607 fa-

207 2624 372 2665 cientes
398 2621 528 2663 mala:
553 2623 576 2648 *
600 2627 648 2663 ut
672 2621 830 2675 perdat
850 2621 905 2663 de
922 2627 1039 2663 terra

205 2679 464 2721 memeriam
485 2680 649 2719 eorum.

258 2735 566 2777 Clamaverunt
598 2734 715 2785 justi,
753 2738 796 2775 et
823 2734 1039 2775 Deminus

1086 315 1308 358 exaudivit
1328 328 1420 357 eos:
1439 316 1463 341 *
1488 321 1532 358 et
1547 329 1602 357 ex
1621 316 1824 358 Omnibus
1842 317 1915 359 tri-

1085 371 1380 413 bulationibus
1402 374 1554 413 eerum
1571 371 1774 414 liberavit
1794 386 1883 414 eos.

1137 429 1157 468 J
1164 433 1268 469 uxta
1289 433 1356 469 est
1370 428 1587 469 Deminus
1605 429 1668 478 iis,
1691 429 1765 481 qui
1783 429 1917 470 tribu—

1085 484 1176 526 lato
1198 489 1299 526 sunt
1318 484 1469 526 corde:
1497 485 1520 510 ¹*
1549 490 1593 526 et
1619 484 1806 527 humiles
1833 488 1918 538 spi-

1087 541 1170 582 ritu
1191 540 1389 582 salvabit.

1139 597 1288 639 Multae
1317 596 1620 638 tribulationes
1650 598 1877 648 justorum:
1895 598 1918 623 ¹⁸¹

1087 659 1131 694 et
1169 653 1225 694 de
1263 652 1467 694 omnibus
1499 653 1567 694 his
1601 652 1805 695 liberabit
1840 666 1919 694 eos

1086 710 1312 750 Dominus.

1140 765 1343 808 Custodit
1379 766 1596 806 Dominus
1634 765 1779 806 omnia
1819 778 1920 806 ossa

1087 824 1256 863 eorum:
1282 823 1305 847 *
1331 835 1463 862 unum
1490 835 1544 863 ex
1568 821 1635 862 his
1660 835 1749 863 non
1773 826 1919 863 conte-

1087 881 1218 920 retur.

1139 935 1260 976 Mors
1287 937 1573 987 peccatorum
1601 935 1808 987 pessima:
1833 935 1856 959 *
1878 939 1921 975 et

1089 992 1161 1043 qui
1182 990 1370 1032 oderunt
1389 992 1549 1042 justum
1569 991 1836 1043 delinquent.

1139 1047 1345 1089 Redimet
1359 1048 1576 1088 Deminus
1592 1048 1760 1088 animas
1775 1048 1920 1088 serve-

1087 1118 1183 1145 rum
1203 1106 1399 1145 suorum:
1425 1105 1448 1130 *
1477 1108 1521 1145 et
1548 1117 1637 1145 non
1666 1103 1939 1155 delinquent-

1088 1173 1240 1202 omnes
1264 1161 1337 1212 qui
1357 1165 1536 1214 sperant
1557 1161 1602 1200 in
1621 1173 1686 1201 eo.

1142 1219 1241 1259 Ant.
1278 1216 1578 1258 Tradiderunt
1615 1218 1805 1268 cerpora
1842 1227 1919 1256 sua

1087 1274 1130 1313 in
1145 1278 1344 1322 mortem,
1360 1286 1414 1314 ne
1430 1275 1645 1314 servirent
1659 1271 1804 1313 idolis:
1819 1270 1920 1312 ideo

1089 1330 1287 1371 coronati
1306 1329 1538 1381 possident
1556 1328 1760 1381 palmam.

1143 1390 1241 1429 Ant.
1271 1388 1387 1427 Ecce
1417 1398 1588 1427 merces
1615 1386 1639 1410 *
1669 1386 1922 1426 sanctorum

1088 1442 1271 1494 copiosa
1291 1447 1358 1484 est
1378 1441 1497 1495 apud
1517 1441 1678 1482 Deum:
1705 1441 1790 1493 ipsi
1814 1451 1920 1482 vero

1088 1500 1250 1540 mertui
1271 1504 1372 1541 sunt
1391 1511 1474 1551 pro
1496 1497 1682 1547 Christo,
1712 1502 1756 1539 et
1774 1496 1923 1538 vivent

1087 1555 1130 1595 in
1151 1557 1375 1597 aeternum.

1359 1615 1559 1656 Psalmus
1586 1616 1653 1655 45.

1091 1668 1256 1774 Deus
1283 1671 1434 1708 noster
1455 1666 1683 1716 refugium,
1706 1670 1750 1706 et
1769 1664 1923 1706 virtus:

1209 1725 1232 1749 *
1271 1723 1444 1774 adjutor
1480 1723 1524 1763 in
1556 1719 1924 1769 tribulatienibus‚

1090 1793 1189 1833 quae
1217 1780 1477 1821 invenerunt
1503 1791 1584 1820 nos
1612 1777 1751 1818 nimis.

1140 1837 1384 1889 Propterea
1417 1848 1506 1876 non
1538 1833 1789 1876 timebimus
1817 1831 1923 1873 dum

1088 1892 1337 1935 turbabitur
1354 1896 1488 1933 terra:
1505 1891 1528 1916 *
1545 1895 1589 1932 et
1606 1889 1923 1932 transferentur

1089 1954 1262 1990 montes
1290 1948 1334 1989 in
1363 1960 1440 1989 cor
1467 1947 1611 1988 maris.

1142 2006 1402 2054 Sonuerunt‚
1419 2009 1463 2046 et
1477 2003 1667 2046 turbatae
1684 2006 1786 2043 sunt
1795 2012 1922 2052 aquae

1091 2064 1259 2103 eerum:
1286 2061 1310 2087 *
1340 2059 1591 2102 conturbati
1623 2063 1723 2100 sunt
1749 2061 1923 2098 montes

1089 2118 1133 2158 in
1162 2116 1419 2159 fortitudine
1448 2116 1549 2167 ejus.

1142 2173 1354 2214 Fluminis
1382 2174 1572 2224 impetus
1598 2169 1795 2212 laetificat
1822 2167 1923 2210 civi-

1090 2232 1227 2272 tatem
1260 2229 1359 2270 Dei:
1394 2228 1417 2253 *
1455 2226 1745 2269 sanctificavit
1780 2224 1922 2266 taber-

1091 2285 1294 2326 naculum
1322 2297 1449 2325 suum
1478 2283 1738 2325 Altissimus.

1142 2341 1264 2383 Deus
1296 2341 1341 2381 in
1367 2338 1514 2381 medio
1544 2339 1650 2390 ejus,
1684 2350 1773 2378 non
1808 2349 1923 2378 com-

1090 2397 1354 2439 movebitur:
1378 2396 1401 2421 *
1426 2394 1650 2447 adjuvabit
1678 2407 1775 2435 eam
1802 2393 1923 2434 Deus

1091 2466 1219 2494 mane
1248 2451 1451 2494 diluculo.

1145 2508 1430 2551 Conturbatae
1461 2511 1562 2548 sunt
1586 2506 1763 2554 Gentes5
1795 2510 1839 2546 et
1863 2504 1923 2545 in-

1092 2566 1253 2607 clinata
1281 2568 1382 2605 sunt
1409 2575 1557 2614 regna:
1576 2563 1599 2587 *
1619 2561 1741 2603 dedit
1769 2572 1924 2602 vocem

1092 2635 1227 2671 suam,
1254 2625 1375 2662 mota
1404 2624 1471 2660 est
1498 2624 1626 2660 terra.

1144 2677 1359 2718 Deminus
1390 2676 1600 2716 virtutum
1627 2674 1873 2715 nob1scum:
1899 2671 1923 2696 *

1093 2735 1324 2786 susceptor
1350 2736 1501 2773 noster
1528 2730 1650 2772 Deus
1677 2728 1827 2771 Jacob.
