2080 2990
564 213 667 247 Infra
693 212 876 246 Octavam
903 210 1168 244 Dedicationis
1196 210 1387 243 Ecclesiae.

412 310 564 350 Lectio
587 309 669 348 viii.

212 373 364 416 usillus
404 376 552 425 itaque
584 371 796 413 Zachaeus
833 373 954 423 syco-

220 443 393 472 morum
412 429 560 479 subiit,
580 434 623 470 et
641 428 878 469 Dominum
897 427 955 468 vi-

131 488 209 530 dit:
238 487 338 540 quia
363 487 437 539 qui
458 485 610 527 mundi
633 484 859 526 stultitiam
881 483 955 525 hu-

130 544 289 586 militer
309 543 481 595 eligunt,
500 542 585 595 ipsi
597 542 682 583 Dei
700 540 955 593 sapientiam

131 600 350 643 subtiliter
383 598 746 652 contemplantur.
791 597 956 638 Pusilli-

131 660 266 700 tatem
288 669 476 709 namque
504 660 700 697 nostram
731 653 787 695 ad
811 652 956 694 viden·
1018 662 1128 699 ἢ»
1156 667 1163 697 ς

133 714 236 756 dum
277 714 514 755 Dominum
555 711 683 753 turba
723 709 956 763 praepedit:
1156 728 1160 744 ι

134 771 235 824 quia
252 770 547 811 infirmitatem
569 768 771 809 humanae
789 766 956 814 mentis,

132 841 186 869 ne
209 826 351 869 lucem
374 825 571 868 veritatis
594 823 807 873 intendat,
836 824 956 864 cura-

132 898 230 926 rum
254 883 527 926 saecularium
553 880 765 923 tumultus
788 879 957 933 premit.

133 941 220 984 Sed
245 940 485 994 prudenter
508 940 786 991 sycomorum
811 937 956 977 ascen-

134 997 292 1048 dimus,
312 997 348 1038 si
366 994 550 1050 provide
570 1007 667 1036 eam
687 1007 785 1046 quae
806 992 956 1034 divini-

132 1059 204 1096 tus
237 1053 508 1107 praecipitur,
553 1050 778 1092 stultitiam
812 1054 957 1090 mente

133 1112 342 1152 tenemus.
370 1107 487 1159 Quid
505 1108 621 1149 enim
636 1107 680 1148 in
695 1107 780 1148 hoc
794 1105 957 1146 mundo

134 1166 307 1208 stultius
327 1178 457 1218 quam
472 1166 632 1206 amissa
646 1176 734 1205 non
751 1164 958 1216 quaerere,

133 1225 340 1276 possessa
358 1220 626 1275 rapientibus
640 1220 849 1269 relaxare,
867 1218 958 1259 nul-

132 1280 220 1321 lam
245 1292 326 1333 pro
353 1278 544 1331 acceptis
568 1277 733 1329 injuriis
760 1276 958 1328 inji‘iriam

133 1335 329 1386 reddere,
347 1336 435 1377 imo
455 1334 668 1386 adjunctis
683 1333 778 1374 aliis
793 1332 956 1385 patien-

132 1393 238 1435 tiam
259 1390 482 1446 praebere?
527 1393 578 1445 Ri-
596 1389 800 1442 Lapides.
820 1388 915 1441 [121]

435 1457 587 1499 Lectio
607 1457 660 1497 ix.

138 1499 314 1624 Quasi
346 1519 460 1561 enim
492 1520 772 1571 sycomorum
804 1528 886 1557 nos
918 1527 958 1555 a·

238 1575 448 1619 scendere
491 1574 706 1616 Dominus
748 1571 959 1626 praecipit,

135 1647 234 1675 cum
251 1632 370 1676 dicit:
389 1632 473 1683 Qui
492 1631 632 1673 aufert
647 1643 746 1683 quae
760 1634 836 1670 tua
850 1632 959 1677 sunt,

134 1703 189 1732 ne
214 1691 398 1743 repetas.
434 1689 491 1730 Et
512 1700 698 1729 rursum:
725 1686 770 1728 Si
795 1685 892 1738 quis
915 1689 959 1726 te

134 1746 400 1800 percusserit
418 1746 463 1786 in
481 1744 707 1787 dexteram
729 1741 960 1789 maxillam,

133 1802 284 1856 praebe
301 1802 363 1844 illi
380 1806 423 1844 et
442 1801 634 1843 alteram.
659 1800 745 1841 Per
764 1799 960 1851 sycomo-

135 1872 232 1901 rum
260 1859 475 1909 Dominus
507 1856 722 1898 transiens
757 1854 961 1896 cernitur:

137 1916 238 1968 quia
251 1928 330 1968 per
343 1914 457 1956 hanc
472 1913 713 1966 sapientem
724 1910 961 1958 stultitiam,

137 1972 218 2014 etsi
236 1971 434 2021 necdum,
458 1974 507 2012 ut
527 1973 602 2019 est,
629 1967 779 2018 solide,
798 1968 883 2019 jam
901 1970 961 2007 ta-

135 2042 236 2071 men
276 2041 357 2081 per
398 2024 777 2078 contemplationis
817 2022 963 2064 lumen

136 2085 221 2128 Dei
245 2084 457 2138 sapientia
481 2082 606 2135 quasi
628 2082 672 2122 in
695 2080 881 2122 transitu
903 2078 962 2119 vi-

129 2141 282 2192 ·detur,
311 2154 442 2194 quam
466 2139 615 2181 videre
642 2139 864 2190 nequeunt
890 2135 963 2188 qui

138 2198 221 2240 sibi
246 2198 466 2251 sapientes
492 2209 587 2239 esse
612 2194 828 2236 videntur:
862 2192 963 2244 quia

138 2255 196 2297 ad
231 2253 589 2307 conspiciendum
623 2251 875 2299 Dominum,
920 2248 964 2288 in

139 2311 254 2353 elata
286 2311 598 2362 cogitationum
630 2310 807 2349 suarum
835 2304 964 2347 turba

140 2367 411 2421 deprehensi,
436 2366 579 2426 adhuc
598 2363 818 2417 sycomori
838 2361 963 2403 arbo-

140 2436 233 2466 rem
249 2436 338 2466 non
354 2424 622 2465 invenerunt.
652 2423 713 2463 Te
730 2421 883 2461 Deum.
901 2418 961 2458 14.

399 2502 698 2532 ’ξω-ἶβ-

331 2577 374 2621 Q,
391 2588 427 2618 u
444 2577 463 2618 i
480 2588 517 2618 n
534 2576 557 2617 t
573 2587 605 2618 a
649 2576 691 2616 D
710 2575 728 2615 i
748 2584 774 2615 e

380 2625 488 2666 infra
509 2625 730 2666 Octavam.

193 2693 235 2727 In
268 2693 294 2727 Ι.
323 2693 521 2728 Nocturno
554 2694 758 2728 Lectiones
790 2693 836 2726 de
868 2691 965 2726 Scri-

143 2746 255 2785 ptura
280 2747 512 2777 oecurrente.

1234 308 1282 346 In
1309 307 1359 345 ΙΙ.
1388 307 1608 345 Nocturno.

1060 379 1126 419 De
1155 378 1364 419 Sermone
1393 377 1531 418 sancti
1558 376 1790 427 Augustini

1313 433 1534 486 Episcopi.

1126 501 1182 534 Ex
1208 500 1322 533 Serm.
1347 499 1419 532 2543.
1447 498 1492 531 de
1517 497 1715 540 Tempore.

1309 560 1459 601 Lectio
1480 559 1531 597 iv.

1156 624 1275 674 odo,
1305 623 1480 676 quando
1508 623 1740 676 implentur
1768 636 1833 665 ec-

1086 701 1129 724 ·›»›
1156 700 1164 724 ÷÷
1187 681 1347 730 clesiae,
1379 682 1584 733 putamus
1611 679 1835 731 jucundari

1092 749 1131 761 ὲ
1157 746 1164 761 ³
1187 735 1389 779 Judaeos?
1446 736 1655 777 Ecclesiae
1702 735 1833 777 aedifi-

1011 796 1174 843 cantur,
1190 793 1458 842 dedicantur,
1473 792 1721 845 implentur:
1739 794 1836 844 quo-

1008 850 1142 892 modo
1162 850 1223 891 illi
1240 847 1549 902 jucundantur?
1574 848 1674 890 Non
1695 848 1836 889 solum

1009 920 1097 949 non
1124 905 1428 959 jucundantur,
1463 905 1542 946 sed
1573 905 1703 946 etiam
1736 917 1835 946 con-

1010 963 1264 1013 funduntur,
1293 967 1337 1004 et
1360 961 1566 1015 impletur
1587 974 1675 1003 vox
1698 960 1835 1002 exsul-

1010 1020 1156 1061 tantis:
1183 1019 1400 1060 Exaltabo
1427 1023 1471 1060 te
1498 1018 1702 1066 Domine,
1732 1020 1835 1069 quo—

1010 1077 1127 1117 niam
1147 1075 1379 1128 suscepisti
1397 1087 1482 1116 me:
1511 1079 1554 1116 et
1578 1087 1667 1116 non
1691 1074 1835 1126 jucun-

1012 1133 1125 1174 dasti
1142 1133 1342 1173 inimicos
1356 1143 1480 1173 meos
1496 1143 1628 1183 super
1636 1143 1718 1171 me.
1736 1130 1835 1171 Non

1011 1188 1253 1241 jucundasti
1281 1201 1412 1240 super
1438 1200 1524 1229 me:
1556 1188 1592 1228 si
1619 1186 1724 1227 mihi
1748 1199 1836 1227 cre-

1013 1245 1133 1295 dant,
1156 1244 1413 1297 jucundabis
1436 1244 1480 1284 in
1498 1256 1578 1285 me.
1614 1243 1682 1284 Ne
1700 1242 1836 1283 multa

1012 1302 1224 1351 dicamus,
1249 1300 1304 1342 ad
1323 1300 1410 1350 illa,
1437 1313 1535 1352 quae
1556 1299 1835 1348 cantavimus,

1012 1357 1247 1410 aliquando
1263 1357 1497 1399 veniamus.
1525 1354 1759 1406 Quomodo
1777 1354 1836 1396 di-

1012 1415 1070 1457 cit
1103 1414 1316 1455 Christus:
1362 1412 1625 1454 Conscidisti
1661 1424 1837 1453 saccum

1011 1485 1173 1521 meum,
1214 1475 1257 1512 et
1294 1469 1521 1511 accinxisti
1556 1481 1627 1510 me
1662 1466 1836 1510 laetitia?

1011 1530 1173 1571 Saccus
1200 1527 1290 1579 ejus
1315 1530 1408 1568 erat
1432 1524 1670 1567 similitudo
1695 1525 1838 1566 carnis

1011 1585 1194 1638 peccati.

1064 1643 1117 1694 R.
1145 1639 1379 1682 Orantibus
1397 1640 1441 1680 in
1459 1639 1570 1681 loco.
1602 1637 1698 1690 [118]

1322 1711 1473 1751 Lectio
1492 1724 1528 1749 v.

1013 1767 1167 1873 Non
1184 1772 1263 1814 tibi
1281 1771 1476 1819 vilescat,
1502 1767 1622 1821 quod
1642 1768 1715 1818 ait,
1740 1768 1837 1809 Sac-

1118 1843 1217 1871 cum
1235 1841 1396 1870 meum:
1423 1826 1485 1868 ibi
1508 1829 1602 1867 erat
1625 1824 1839 1865 inclusum

1014 1887 1204 1940 pretium
1220 1890 1354 1926 tuum.
1383 1881 1646 1924 Conscidisti
1665 1893 1840 1922 saccum

1013 1955 1169 1984 meum.
1190 1941 1422 1982 Evasimus
1437 1938 1494 1980 ad
1509 1950 1684 1979 saccum
1698 1937 1840 1978 istum.

1015 1997 1277 2041 Conscidisti
1297 2009 1473 2038 saccum
1491 2007 1646 2036 meum.
1674 1994 1725 2034 In
1743 2006 1840 2046 pas-

1015 2055 1136 2097 sione
1156 2055 1404 2096 conscissus
1424 2056 1501 2094 est.
1529 2050 1762 2101 Quomodo
1778 2062 1840 2091 er·

1015 2125 1071 2163 go
1098 2112 1196 2152 Deo
1224 2110 1345 2151 Patri
1373 2108 1544 2151 dicitur:
1577 2106 1840 2149 Conscidisti

1015 2180 1192 2209 saccum
1205 2164 1372 2208 meum?
1393 2164 1628 2216 Quomodo
1642 2163 1763 2204 Patri
1778 2162 1838 2204 di-

1016 2227 1156 2273 catur,
1181 2224 1247 2266 vis
1272 2222 1437 2264 audire:
1462 2219 1725 2263 Conscidisti
1750 2232 1839 2260 sac-

1016 2294 1115 2322 cum
1148 2277 1315 2322 meum?
1366 2278 1478 2329 Quia
1513 2276 1694 2330 proprio
1730 2275 1839 2316 Filio

1015 2350 1104 2379 non
1123 2336 1337 2390 pepercit,
1362 2334 1442 2386 sed
1459 2346 1541 2387 pro
1561 2332 1687 2374 nobis
1708 2331 1840 2372 omni-

1015 2394 1097 2436 bus
1116 2393 1297 2435 tradidit
1315 2392 1446 2433 illum.
1482 2390 1605 2432 Fecit
1629 2388 1742 2430 enim
1760 2400 1841 2440 per

1015 2450 1195 2492 Judaeos
1226 2449 1487 2496 nescientes,
1519 2446 1635 2488 unde
1658 2444 1840 2486 redime-

1017 2509 1165 2549 rentur
1184 2506 1385 2555 scientes,
1411 2509 1455 2546 et
1474 2501 1841 2545 confunderentur

1016 2566 1238 2615 negantes.
1261 2562 1473 2604 Nesciunt
1487 2559 1603 2601 enim
1619 2557 1724 2610 quid
1736 2556 1841 2598 boni

1017 2619 1143 2662 nobis
1162 2619 1333 2672 operati
1352 2621 1452 2659 sunt
1470 2614 1586 2656 malo
1612 2626 1703 2655 suo.
1742 2613 1840 2654 Sus-

1017 2678 1180 2729 pensus
1204 2679 1271 2717 est
1299 2685 1468 2722 saccuS,
1497 2676 1540 2712 et
1570 2670 1694 2723 quasi
1723 2668 1839 2709 laeta-

1017 2738 1088 2774 tus
1115 2737 1181 2774 est
1208 2731 1378 2784 impius.
1416 2727 1640 2770 Conscidit
1667 2736 1841 2767 saccum
