2080 2990
780 244 990 277 (Iommunc
1018 242 1361 283 Evangelistarum.

515 339 666 379 Lectio
687 339 741 377 ix.

300 406 318 441 t
332 399 505 449 Paulus,
526 400 600 452 qui
614 397 968 441 tertiusdecimus
984 402 1051 438 est

315 455 569 508 Apostolus,
589 454 808 507 judicandi
827 458 947 495 sorte
966 453 1050 505 pri-

219 512 409 562 vabitur,
442 525 542 553 cum
569 512 664 564 ipse
691 510 822 552 dicat:
857 509 1050 551 Nescitis

220 569 425 620 quoniam
498 567 678 619 angelos
751 565 1050 618 judicabimus,

220 630 383 677 quanto
399 624 537 675 magis
554 620 803 665 saecularia?
814 620 1049 663 Sciendum

217 693 407 732 namque
427 685 508 730 est,
537 692 704 728 omneS‚
734 678 808 731 qui
832 677 888 719 ad
908 678 1049 718 exem-

217 736 339 788 plum
350 735 670 789 Apostolorum
687 747 766 776 sua
781 733 1050 785 reliquerunt

219 793 373 842 omnia,
394 798 438 834 et
459 792 599 834 secuti
619 796 719 832 sunt
740 790 971 838 Christum,
991 790 1048 840 ju-

218 847 338 890 dices
358 862 457 890 cum
477 861 531 890 eo
548 851 767 896 venturos,
790 846 903 887 sicut
918 845 1049 886 etiam

218 917 347 946 omne
371 904 622 945 mortalium
651 915 789 954 genus
818 913 916 943 esse
943 900 1048 953 judi-

217 960 416 1002 candum.
471 961 583 1011 Quia
619 960 735 1001 enim
776 956 1048 1000 duodenario

217 1029 338 1070 saepe
369 1020 552 1058 numero
585 1016 698 1057 solet
731 1015 774 1055 in
810 1014 1049 1066 Scripturis

216 1074 477 1114 universitas
505 1072 739 1122 designari,
776 1083 856 1123 per
885 1069 1048 1111 duode-

217 1130 301 1170 cim
330 1129 459 1171 sedes
486 1128 821 1182 Apostolorum,
855 1127 1049 1168 omnium

215 1187 508 1227 numerositas
545 1184 850 1238 judicantium,
887 1187 931 1225 et
967 1196 1048 1235 per

217 1241 452 1283 duodecim
466 1241 606 1283 tribus
619 1240 767 1289 Israel,
788 1239 1048 1280 universitas

216 1300 384 1348 eorum,
413 1298 487 1350 qui
511 1296 730 1349 judicandi
755 1301 871 1346 sunt,
906 1297 1047 1337 osten-

217 1353 344 1395 ditur.
414 1400 419 1407 ,

267 1410 330 1452 Te
350 1411 494 1452 Deum
512 1410 752 1452 laudamus.
770 1410 829 1449 14.

493 1488 788 1514 —ffiffiae—

394 1557 492 1597 Pro
522 1554 865 1606 Evangelistis

523 1610 738 1643 Lectiones.

446 1670 495 1709 In
522 1669 551 1708 Ι.
580 1670 806 1709 Nocturno.

216 1735 373 1788 Incipit
398 1734 508 1776 liber
531 1733 775 1774 Ezechielis
799 1732 1046 1785 Prophetae.

316 1799 466 1840 Lectio
488 1801 510 1839 i.
789 1800 893 1850 Cap.
911 1799 939 1837 1.

224 1866 236 1912 '2
253 1866 327 1927 [5
336 1866 354 1902 t
369 1861 533 1902 factum
544 1865 611 1901 est
626 1861 668 1901 in
684 1860 909 1911 trigesimo
922 1871 1047 1909 anno,

232 1924 235 1960 ἔ
261 1916 271 1943 '5
290 1919 324 1966 ,Β
362 1918 405 1957 in
429 1921 602 1969 quarto,
630 1917 674 1957 in
699 1916 849 1968 quinta
873 1915 1047 1965 mensis,

232 1980 235 1987 '
259 1966 309 1998 '³35
363 1986 463 2014 cum
496 1985 637 2014 essem
666 1973 709 2013 in
736 1972 883 2014 medio
912 1972 1047 2024 capti-

216 2031 373 2070 vorum
387 2031 506 2081 juxta
516 2029 697 2070 fluvium
708 2028 895 2078 Chobar‚
906 2028 1047 2081 aperti

216 2090 317 2126 sunt
338 2085 453 2134 coeli‚
483 2090 527 2127 et
546 2085 635 2126 vidi
655 2085 846 2127 visiones
864 2085 958 2126 Dei.
995 2085 1046 2124 In

217 2141 368 2193 quinta
381 2141 554 2190 mensis,
573 2141 668 2194 ipse
688 2146 755 2183 est
772 2153 910 2182 annus
927 2141 1046 2193 quin-

215 2202 286 2238 tus
300 2197 696 2247 transmigrationis
711 2198 826 2248 regis
836 2198 860 2238 J
863 2197 1046 2245 oachim,

216 2253 380 2295 factum
397 2258 464 2295 est
478 2253 661 2294 verbum
675 2253 854 2294 Domini
869 2253 926 2295 ad
940 2254 1045 2295 Eze-

216 2309 410 2359 chielem,
428 2309 565 2350 filium
580 2309 689 2350 Buzi
707 2309 984 2351 sacerdotem
1002 2310 1047 2350 in

215 2370 333 2407 terra
362 2364 691 2416 Chaldaeorum,
728 2378 855 2407 secus
884 2367 1046 2407 flumen

217 2421 408 2463 Chobar:
436 2426 479 2463 et
496 2421 611 2462 facta
630 2425 698 2462 est
718 2434 849 2474 super
869 2435 969 2463 eum
985 2422 1046 2463 ibi

215 2489 370 2518 manus
402 2477 591 2518 Domini.
636 2478 692 2518 Et
721 2477 830 2527 vidi,
867 2483 911 2519 et
944 2490 1046 2520 ecce

215 2538 373 2575 ventus
394 2533 581 2575 turbinis
604 2533 807 2574 veniebat
834 2533 890 2574 ab
911 2534 1045 2586 Aqui-

215 2589 330 2631 lOne:
363 2594 406 2631 et
428 2589 568 2630 nubes
590 2602 763 2640 magna,
792 2594 835 2630 et
854 2589 965 2641 ignis
984 2590 1045 2629 in-

216 2645 417 2694 volvens,
460 2650 504 2686 et
539 2644 748 2697 splendor
786 2645 829 2685 in
863 2645 1045 2686 circuitu

215 2701 321 2752 ejus:
337 2700 451 2742 etde
466 2700 612 2742 medio
628 2701 718 2752 ejus
735 2700 859 2753 quasi
876 2701 1045 2753 species

215 2757 378 2807 electri,
406 2756 451 2798 id
470 2762 548 2806 est,
573 2756 628 2798 de
645 2756 792 2798 medio
813 2757 934 2807 ignis.

1150 341 1199 391 R.
1224 340 1341 382 Ecce
1361 352 1443 390 ego
1460 340 1588 381 mitto
1603 352 1684 381 vos
1699 340 1811 381 sicut
1827 351 1933 380 oves

1103 397 1145 436 in
1165 395 1311 437 medio
1330 395 1547 448 luporum,
1576 395 1682 437 dicit
1700 395 1934 437 Dominus:

1097 454 1118 476 *
1146 453 1301 493 Estote
1322 465 1427 503 ergo
1446 451 1686 504 prudentes
1709 452 1822 493 sicut
1846 464 1932 493 ser-

1099 510 1270 605 penlges,
1282 507 1690 605 etlsimplissesssgitqm
1705 507 1933 605 οοὲὲξῗὴξε.

1223 578 1297 606 um
1337 577 1463 606 ucem
1518 577 1543 604 a
1621 576 1672 615 is,
1701 576 1748 605 cr
1807 576 1933 606 lem

1103 621 1265 670 lucem,
1308 626 1356 662 ut
1387 621 1463 661 fssii
1490 619 1601 662 lucis
1629 620 1733 661 sitis.
1778 621 1933 662 Estote

1103 689 1209 728 ergo
1228 676 1481 730 prudentes.

1402 731 1554 772 Lectio
1575 731 1613 770 ii.

1184 795 1201 831 t
1224 790 1268 830 in
1285 789 1432 831 medio
1455 790 1546 840 ejus
1568 788 1808 830 similitudo
1831 791 1932 842 qua-

1204 851 1306 887 tuor
1334 845 1604 887 animalium:
1640 850 1684 887 et
1711 845 1782 886 hic
1810 847 1933 898 aspe-

1102 908 1198 944 ctus
1218 905 1384 951 eorum,
1413 900 1653 943 similitudo
1678 900 1866 942 hominis
1889 902 1933 942 in

1102 959 1176 1000 eis.
1209 959 1406 1009 Quatuor
1424 958 1560 1000 facies
1575 958 1660 1008 uni,
1683 963 1728 999 et
1744 960 1933 1010 quatuor

1100 1028 1258 1068 pennae
1290 1015 1374 1056 uni.
1431 1014 1575 1056 Pedes
1610 1016 1763 1055 eorum
1794 1013 1932 1067 pedes

1101 1072 1225 1122 recti,
1254 1077 1299 1113 et
1320 1071 1471 1124 planta
1488 1070 1615 1124 pedis
1635 1072 1788 1111 eorum
1808 1070 1933 1123 quasi

1100 1128 1251 1180 planta
1292 1127 1419 1180 pedis
1454 1127 1598 1182 vituli,
1648 1132 1692 1168 et
1733 1126 1933 1168 scintillae

1103 1185 1230 1237 quasi
1253 1186 1460 1236 aspectus
1483 1183 1584 1224 aeris
1603 1182 1840 1225 candentis.
1876 1183 1934 1224 Et

1100 1254 1255 1282 manus
1279 1240 1468 1282 hominis
1493 1240 1575 1282 sub
1599 1240 1757 1292 pennis
1780 1241 1933 1281 eorum

1100 1298 1143 1338 in
1168 1300 1358 1349 quatuor
1382 1296 1598 1350 partibus:
1633 1301 1678 1337 et
1702 1295 1852 1346 facies,
1889 1300 1934 1337 et

1100 1366 1268 1406 pennas
1294 1366 1375 1406 per
1404 1355 1594 1405 quatuor
1621 1356 1771 1405 partes
1802 1351 1932 1394 habe-

1101 1410 1221 1460 bant,
1250 1410 1499 1462 junctaeque
1527 1414 1651 1451 erant
1677 1421 1834 1461 pennae
1861 1410 1932 1450 eo-

1101 1479 1197 1507 rum
1221 1466 1401 1507 alterius
1428 1465 1485 1507 ad
1510 1465 1707 1507 alterum.
1741 1464 1932 1506 Non-re-

1101 1522 1386 1564 vertebantur
1418 1535 1518 1563 cum
1548 1520 1818 1563 incederent:
1854 1520 1933 1562 sed

1102 1579 1449 1631 unumquodque
1482 1583 1584 1620 ante
1619 1577 1776 1619 faciem
1808 1589 1933 1619 suam

1101 1635 1396 1686 gradiebatur.

1152 1693 1204 1744 131.
1243 1691 1406 1732 Tollite
1438 1692 1586 1743 jugum
1620 1702 1768 1731 meum
1799 1701 1932 1742 super

1100 1760 1192 1797 vos,
1211 1747 1318 1789 dicit
1332 1747 1560 1796 Dominus,
1580 1750 1624 1788 et
1640 1745 1796 1788 discite
1811 1757 1837 1786 a
1850 1757 1932 1795 me,

1102 1804 1203 1856 quia
1227 1804 1344 1845 mitis
1365 1816 1463 1845 sum
1481 1808 1526 1845 et
1543 1802 1720 1844 humilis
1738 1801 1889 1843 corde:
1904 1802 1928 1827 *

1099 1860 1259 1911 Jugum
1288 1860 1403 1902 enim
1429 1872 1577 1901 meum
1604 1861 1739 1900 suave
1767 1862 1851 1908 est,
1888 1862 1932 1900 et

1101 1929 1212 1958 onus
1230 1929 1377 1958 meum
1400 1916 1508 1958 leve.
1541 1910 1592 1962 V.
1622 1916 1680 1956 Et
1702 1913 1932 1956 invenietis

1100 1973 1298 2025 requiem
1320 1972 1547 2014 animabus
1567 1971 1737 2014 vestris,
1773 1971 1932 2022 Jugum

1101 2029 1215 2070 enim
1234 2042 1391 2071 meum.

1397 2079 1550 2121 Lectio
1572 2079 1626 2120 iii.

1171 2133 1389 2183 imilitudo
1419 2146 1566 2182 autem
1591 2139 1737 2181 vultus
1762 2141 1931 2181 eorum:

1187 2197 1320 2239 facies
1338 2196 1543 2246 hominis,
1571 2200 1616 2238 et
1638 2196 1772 2237 facies
1790 2195 1931 2237 leonis

1100 2266 1125 2294 a
1150 2253 1318 2295 dextris
1341 2253 1538 2306 ipsorum
1565 2253 1768 2304 quatuor:
1795 2251 1930 2293 facies

1099 2314 1247 2351 autem
1278 2308 1421 2358 bovis,
1458 2321 1483 2350 a
1515 2308 1702 2350 sinistris
1733 2308 1931 2360 ipsorum

1101 2368 1304 2418 quatuor,
1333 2369 1377 2406 et
1400 2364 1533 2406 facies
1557 2364 1717 2416 aquilae
1741 2363 1931 2416 desuper

1098 2422 1295 2474 ipsorum
1313 2422 1512 2473 quatuor.
1537 2420 1691 2461 Facies
1707 2421 1871 2469 eorum,
1888 2425 1931 2461 et

1099 2490 1255 2530 pennae
1297 2479 1449 2518 eorum
1491 2477 1681 2518 extentae
1723 2476 1930 2528 desuper:

1099 2534 1199 2575 duae
1222 2545 1379 2586 pennae
1403 2532 1672 2583 singulorum
1697 2532 1930 2584 jungeban-

1099 2595 1185 2639 tur,
1217 2594 1260 2631 et
1284 2588 1384 2631 duae
1409 2588 1618 2639 tegebant
1644 2590 1834 2641 corpora
1859 2588 1930 2630 eo-

1099 2658 1210 2687 rum:
1239 2649 1283 2686 et
1307 2644 1652 2696 unumquodque
1677 2647 1832 2686 eorum
1859 2655 1929 2685 co-

1099 2714 1192 2743 ram
1216 2700 1325 2742 facie
1345 2713 1424 2741 sua
1445 2700 1712 2742 ambulabat:
1740 2699 1816 2741 ubi
1835 2703 1928 2741 erat

1098 2760 1288 2810 impetus
1316 2756 1511 2809 spiritus,
1543 2756 1645 2798 illuc
1671 2755 1928 2807 gradieban-
