2040 2990
724 186 831 220 Furia
857 187 991 230 quinta
1015 188 1063 222 ad
1090 188 1325 223 Matutinum.
1829 186 1874 223 79

219 279 275 320 Et
304 281 605 332 apposuerunt
636 279 780 320 adhuc
807 281 994 332 peccare

168 336 222 378 ei:
250 337 274 362 *
302 336 346 376 in
373 335 483 376 iram
512 336 814 377 excitaverunt
842 336 993 377 Excel-
1030 336 1034 339 ’

168 406 264 434 sum
292 392 337 433 in
363 392 593 444 inaqueso.

219 449 275 490 Et
302 450 583 490 tentaverunt
612 450 756 490 Deum
784 450 828 490 in
852 449 994 491 cerdi-

166 505 248 548 bus
277 505 378 555 suis,
402 507 425 532 *
447 510 496 547 ut
523 507 726 558 peterent
755 519 878 548 escas
907 507 994 548 ani-

166 561 320 604 mabus
351 562 453 603 suis.

219 620 275 660 Et
303 618 417 660 male
444 618 582 660 locuti
611 624 713 660 sunt
746 619 800 660 de
829 620 942 661 Deo:
971 621 994 647 *

168 675 388 717 dixerunt:
425 675 652 727 Numquid
680 677 845 728 peterit
872 677 993 718 Deus

166 734 323 785 parere
346 744 543 773 mensam
569 732 613 773 in
641 732 843 774 deserto?

220 789 437 839 Quoniam
471 790 691 841 percussit
725 795 912 842 petram,
951 796 994 832 et

167 846 387 886 fluxerunt
419 858 557 897 aquae,
578 848 601 872 *
622 852 665 887 et
693 849 912 888 torrentes
942 848 995 888 in-

166 902 455 943 undaverunt.

218 958 445 1010 Numquid
461 963 504 1000 et
518 971 677 1011 panem
692 960 858 1013 peterit
877 961 993 1010 dare,

166 1018 190 1044 *
214 1022 290 1058 aut
307 1018 464 1069 parere
484 1029 681 1058 mensam
699 1017 867 1069 pepulo
889 1016 992 1058 suo?

218 1072 326 1115 Ideo
352 1072 520 1114 audivit
538 1073 766 1124 DOminus,
796 1079 839 1115 et
860 1074 993 1115 distu-

166 1130 231 1171 lit:
259 1131 282 1157 *
306 1134 349 1171 et
377 1130 490 1181 ignis
519 1131 730 1171 accensus
760 1135 827 1172 est
855 1131 898 1171 in
925 1131 993 1172 Ja—

166 1186 261 1235 cob,
291 1191 334 1228 et
362 1187 427 1227 ira
455 1186 655 1228 ascendit
683 1187 726 1227 in
754 1187 906 1228 Israel:

216 1243 329 1293 Quia
356 1256 444 1284 non
469 1242 751 1285 erediderunt
779 1244 824 1284 in
850 1244 993 1294 Deo‚*

164 1312 247 1341 nec
275 1301 564 1352 speraverunt
599 1300 643 1340 in
672 1300 853 1342 salutari
887 1302 993 1352 ejus:

215 1357 272 1398 Et
293 1355 519 1398 mandevit
540 1356 730 1398 nubibus
753 1356 953 1410 desuper,
970 1360 993 1384 *

167 1418 211 1454 et
239 1414 389 1465 januas
418 1412 521 1454 coeli
546 1413 728 1465 aperuit.

217 1470 274 1510 Et
302 1469 415 1522 pluit
443 1469 530 1510 illis
550 1482 708 1510 manna
737 1469 794 1511 ad
812 1470 991 1511 mandu-

165 1525 450 1575 candum‚*et
466 1538 626 1578 panem
646 1525 747 1567 coeli
768 1525 891 1568 dedit
919 1527 992 1568 eis.

216 1582 380 1623 Panem
412 1582 684 1632 Angelorum
712 1582 992 1625 manducavit

165 1638 314 1680 homo:
346 1640 370 1666 *
402 1638 567 1680 cibaria
595 1639 717 1680 misit
750 1639 812 1681 eis
846 1639 891 1680 in
919 1639 991 1681 ab·

163 1695 384 1736 undentia.

216 1751 462 1793 Transtulit
490 1752 704 1794 Austrum
732 1752 787 1794 de
812 1752 942 1794 coelo:
967 1755 991 1780 *

164 1813 208 1850 et
234 1808 406 1850 induxit
431 1809 474 1849 in
494 1808 656 1850 virttite
679 1822 758 1850 sua
780 1809 990 1850 Africum.

215 1866 272 1907 Et
298 1865 412 1918 pluit
439 1878 572 1918 super
601 1877 678 1907 eos
707 1866 820 1907 sicut
842 1866 989 1918 pulve-

162 1934 257 1963 rem
267 1934 435 1963 carnes:
448 1923 471 1949 *
483 1926 527 1963 et
543 1922 657 1964 sicut
668 1923 844 1963 arenam
855 1923 989 1964 maris

163 1978 358 2020 volatilia
375 1980 576 2031 pennata.

213 2035 270 2076 Et
298 2034 551 2076 ceciderunt
577 2035 621 2076 in
649 2034 794 2076 medio
825 2037 987 2076 castre-

162 2103 259 2132 rum
291 2093 460 2133 eerum:
495 2093 518 2119 *
555 2091 672 2133 circa
705 2091 989 2133 tabernacula

163 2150 326 2189 eerum.

213 2204 270 2246 Et
302 2204 694 2255 manducaverunt,
731 2210 774 2246 et
803 2205 987 2246 saturati

161 2265 262 2302 sunt
288 2261 434 2310 nimis,
469 2265 512 2302 et
540 2260 808 2303 desiderium
835 2263 986 2303 eerum

161 2317 308 2359 attulit
337 2318 418 2358 eis:
447 2318 470 2344 *
498 2330 585 2359 non
614 2323 716 2360 sunt
743 2318 934 2360 fraudati
961 2331 987 2359 a

161 2372 382 2415 desiderio
411 2386 503 2416 suo.

211 2429 371 2472 Adhuc
391 2443 505 2472 escae
525 2433 677 2472 eerum
702 2436 826 2472 erant
845 2431 888 2471 in
908 2443 985 2472 ore

159 2485 374 2538 ipserum:
392 2489 416 2514 *
438 2492 481 2529 et
503 2487 569 2528 ira
587 2487 670 2528 Dei
693 2487 890 2529 ascendit
918 2500 984 2528 su-

159 2554 239 2594 per
267 2555 355 2584 eos.

210 2598 268 2639 Et
294 2599 458 2641 occidit
484 2600 669 2652 pingues
699 2602 861 2649 eerum‚
888 2600 911 2625 *
941 2604 984 2640 et

161 2654 324 2695 electos
351 2655 490 2697 Israel
518 2656 758 2709 impedivit.

1046 279 1148 321 huc:
1176 281 1199 306 *
1229 285 1272 321 et
1300 293 1388 321 non
1417 282 1698 325 crediderunt
1727 284 1770 324 in
1798 285 1873 325 mi-

1046 335 1258 378 rabilibus
1289 338 1390 389 ejus.

1099 394 1155 434 Et
1184 393 1439 436 defecerunt
1475 395 1518 435 in
1552 396 1744 438 vanitate
1778 397 1872 438 dies

1048 451 1214 491 eerum:
1232 452 1255 477 *
1274 455 1317 492 et
1339 452 1439 492 anni
1464 454 1614 493 eerum
1638 465 1736 494 cum
1756 454 1872 495 festi-

1046 507 1235 548 natiene.

1099 563 1209 604 Cum
1238 563 1461 606 occideret
1490 578 1587 614 eos,
1617 566 1872 617 quaerebant

1048 634 1162 662 eum:
1190 622 1213 647 *
1243 626 1286 662 et
1314 621 1664 671 revertebantur,
1693 628 1735 664 et
1765 623 1870 664 dilu-

1047 677 1146 718 culo
1175 677 1410 719 veniebant
1439 678 1495 719 ad
1525 691 1634 720 eum.

1098 735 1154 775 Et
1186 735 1466 776 rememorati
1496 740 1596 777 sunt
1623 737 1724 788 quia
1751 737 1871 778 Deus

1047 790 1220 843 adjutor
1247 795 1314 832 est
1343 793 1509 832 eerum:
1538 795 1560 819 *
1583 798 1626 833 et
1653 793 1774 834 Deus
1804 807 1871 835 ex-

1047 848 1189 888 celsus
1218 847 1474 900 redemptor
1503 851 1655 890 eerum
1686 855 1763 891 est.

1098 905 1154 945 Et
1180 904 1428 946 dilexerunt
1454 918 1552 946 eum
1578 906 1621 946 in
1649 919 1724 947 ore
1747 909 1872 956 su0,*

1047 965 1091 1002 et
1119 961 1266 1012 lingua
1296 974 1374 1002 sua
1402 963 1573 1003 mentiti
1601 968 1702 1004 sunt
1731 963 1784 1004 ei:

1099 1017 1185 1059 Cor
1214 1023 1361 1059 autem
1390 1021 1542 1059 eerum
1571 1032 1658 1060 non
1688 1025 1781 1061 erat
1808 1033 1871 1061 re—

1046 1081 1166 1115 ctum
1194 1087 1292 1115 eum
1307 1087 1389 1116 -eoz
1410 1077 1432 1102 *
1452 1088 1533 1117 nec
1557 1075 1710 1118 fideles
1731 1076 1870 1118 habiti

1046 1135 1148 1172 sunt
1174 1131 1218 1171 in
1245 1133 1511 1173 testamento
1542 1134 1642 1185 ejus.

1097 1188 1199 1240 Ipse
1236 1193 1382 1229 autem
1424 1194 1491 1230 est
1527 1190 1791 1239 misericors,
1829 1195 1871 1231 et

1046 1245 1265 1297 propitius
1285 1245 1361 1286 fiet
1380 1247 1574 1298 peccetis
1595 1249 1760 1288 eerum:
1781 1249 1803 1273 *
1828 1252 1870 1288 et

1045 1314 1133 1342 non
1162 1301 1390 1354 disperdet
1418 1314 1504 1343 eos.

1097 1359 1153 1399 Et
1182 1358 1422 1400 abundavit
1449 1363 1497 1399 ut
1519 1361 1737 1401 averteret
1761 1360 1870 1400 iram

1046 1427 1183 1455 suam:
1212 1417 1235 1441 *
1270 1419 1313 1456 et
1346 1427 1434 1456 non
1463 1415 1663 1457 accendit
1696 1428 1870 1458 omnem

1045 1471 1154 1512 iram
1182 1484 1322 1512 suam:

1096 1528 1153 1568 Et
1163 1528 1422 1569 recordatus
1440 1534 1506 1570 est
1521 1529 1623 1580 quia
1639 1541 1742 1570 caro
1755 1535 1869 1571 sunt:

1044 1586 1068 1611 *
1087 1584 1268 1636 spiritus
1295 1584 1472 1635 vadens,
1502 1591 1544 1627 et
1572 1598 1660 1627 non
1682 1586 1869 1627 rediens.

1097 1641 1281 1691 Quoties
1306 1642 1680 1684 exacerbaverunt
1704 1655 1802 1684 eum
1825 1643 1869 1683 in

1045 1697 1239 1747 deserto,
1271 1700 1294 1725 *
1322 1698 1365 1738 in
1394 1699 1504 1740 iram
1538 1699 1869 1741 concitaverunt

1045 1767 1144 1795 eum
1167 1754 1211 1794 in
1239 1754 1481 1806 inaqueso?

1095 1811 1152 1851 Et
1171 1812 1372 1852 conversi
1392 1817 1504 1862 sunt,
1525 1817 1569 1853 et
1587 1814 1866 1853 tentaverunt

1041 1868 1199 1908 Deum:
1214 1869 1237 1894 *
1256 1873 1300 1909 et
1319 1873 1517 1910 sanctum
1537 1868 1673 1910 Israel
1694 1881 1865 1910 exacer-

1042 1923 1268 1966 baverunt.

1093 1979 1194 2021 Non
1206 1986 1307 2022 sunt
1322 1981 1543 2023 recordati
1559 1994 1713 2022 manus
1730 1982 1831 2033 ejus,
1842 1982 1866 2008 *

1042 2036 1113 2078 die
1134 2049 1220 2088 qua
1246 2037 1432 2079 redemit
1459 2050 1536 2079 eos
1562 2037 1617 2080 de
1636 2051 1766 2079 manu
1791 2038 1863 2079 tri-

1041 2092 1245 2143 bul-entis,

1091 2149 1212 2192 Sicut
1246 2151 1396 2203 pesuit
1433 2151 1477 2191 in
1509 2151 1705 2203 AEgJ'tho
1742 2151 1864 2202 signa

1040 2219 1136 2256 sua,
1170 2208 1194 2234 *
1222 2212 1265 2248 et
1292 2207 1495 2260 prodigia
1523 2220 1602 2248 sua
1635 2207 1679 2247 in
1706 2219 1862 2260 campo

1039 2263 1230 2305 Taneos.

1091 2320 1148 2361 Et
1176 2319 1394 2361 convertit
1427 2319 1471 2360 in
1499 2319 1752 2371 sanguinem
1786 2319 1861 2360 flu-

1037 2376 1156 2417 mina
1185 2378 1351 2426 eerum,
1387 2378 1410 2403 *
1439 2381 1482 2417 et
1509 2375 1670 2416 imbres
1700 2377 1861 2425 e6rum,

1038 2445 1092 2473 ne
1120 2431 1333 2474 biberent.

1089 2489 1209 2530 Misit
1250 2489 1294 2529 in
1341 2501 1418 2530 eos
1459 2490 1765 2540 coenomyiam,
1816 2491 1859 2528 et

1037 2545 1228 2586 comedit
1256 2557 1350 2586 eos:
1376 2546 1400 2572 *
1429 2549 1472 2586 et
1504 2557 1669 2594 ranam,
1702 2548 1746 2585 et
1773 2542 1857 2584 dis-

1034 2601 1229 2653 perdidit
1258 2613 1345 2643 eos.

1086 2658 1143 2698 Et
1164 2657 1286 2699 dedit
1307 2657 1490 2708 aerugini
1509 2657 1676 2697 fructus
1696 2656 1855 2704 ebrum,

211 2711 262 2752 In
282 2711 484 2754 omnibus
506 2712 575 2754 his
596 2714 889 2766 peccaverunt
909 2707 997 2754 ad?
1035 2714 1059 2740 *
1087 2718 1130 2755 et
1158 2713 1331 2755 labores
1360 2715 1511 2755 cerum
1536 2712 1730 2753 locustae.
