2040 2990
718 185 891 219 Rubris-au
917 183 1112 225 generales
1138 180 1333 215 Breviarii.

190 286 375 322 praeeedentis.
405 284 434 312 Si
450 283 555 310 nullum
574 282 687 309 Festum
705 283 849 314 sequatur,
867 278 1004 306 subintrat

190 326 318 353 Officium
328 324 362 351 de
371 323 516 357 Tempore,
529 325 556 349 et
566 322 696 355 Vesperae
705 323 770 347 totae
782 322 863 346 erunt
872 318 906 345 de
916 317 1004 347 Feria.

239 366 264 392 9.
278 363 354 391 Feria
368 369 422 388 nou
436 365 527 396 potest
539 367 704 388 concurrere
716 366 780 385 cum
793 358 847 385 alio
861 357 961 385 Officio
976 356 1004 383 in

189 402 316 431 secundis
335 400 471 435 vesperis,
491 407 580 434 neque
597 406 660 426 cum
678 398 738 432 ipsa
755 400 846 432 potest
863 403 923 423 esse
938 403 1003 422 con-

189 450 285 470 cursus
303 441 331 468 iu
348 440 444 474 primis
458 439 599 473 Vesper-is:
617 438 683 472 quia
696 437 754 470 ejus
767 435 896 463 Officium
910 434 1003 469 incipit

188 486 215 509 et
234 480 346 512 desinit,
369 479 417 506 ubi
437 478 536 505 desinit
555 481 582 504 et
604 477 698 511 incipit
715 475 910 510 quodcumque
928 473 1003 500 aliud

189 520 325 547 Officium.
357 517 491 552 Quamvis
508 517 620 552 proprie
638 516 673 549 (si
690 515 715 542 ci
731 514 853 542 dandum
871 516 913 540 est
930 513 1003 547 prin-

186 559 299 593 cipium)
318 560 450 591 sequente
464 556 543 582 Feria
557 559 621 589 post
635 554 717 581 aliam
730 553 846 586 Feriam,
864 553 923 585 eius
937 551 1003 578 Offi-

186 598 259 625 cium
274 597 385 631 incipiat
399 603 415 622 a
430 595 572 628 Matutino,
589 598 617 621 et
630 594 792 621 terminetur
804 595 937 626 sequente
950 590 1002 617 alia

187 637 264 663 Feria
287 635 323 662 ad
341 633 571 668 Completorium;
596 637 623 660 et
644 632 707 659 ideo
729 632 753 658 si
770 631 850 657 Feria
871 634 1004 664 sequatur

187 675 267 702 aliam
281 674 397 706 Feriam,
412 674 440 700 in
455 673 584 707 vesperis
597 670 777 706 praecedentis
791 670 878 697 Feriae
891 669 959 696 nihil
974 669 1003 695 fit

187 714 222 741 de
239 713 376 748 sequenti,
397 712 490 747 quoad
506 719 552 743 ea,
573 719 636 746 quae
652 711 680 737 in
698 710 824 743 sequenti
842 709 922 735 Feria
939 711 1003 734 sunt

186 753 306 788 propria.
342 752 425 779 Verbi
447 751 548 785 gratia,
570 750 593 777 si
616 751 644 777 in
661 749 791 783 Vesperis
810 748 896 775 Feriae
916 747 1003 774 tertiae

188 796 252 820 ante
266 791 373 818 Feriam
391 794 518 824 quartam
532 789 662 816 Cinerum
681 788 728 815 fiat
746 788 780 814 de
798 787 886 821 Feria,
904 786 1004 813 dicitur

188 831 282 859 Oratio
297 829 449 857 Dominicae
462 828 651 863 praecedentis,
666 835 721 854 non
734 830 826 853 autem
839 833 872 852 ea
885 833 948 859 quae
962 828 1003 851 est

186 869 299 905 propria
316 869 345 895 in
363 868 488 902 sequenti
503 867 582 894 Feria
598 870 697 901 quarta
712 866 854 899 Ginerum;
873 872 923 891 nec
940 867 1003 891 ante

187 909 345 936 Orationem
367 907 496 934 dicuntur
517 906 632 939 Pteces,
658 913 721 939 qnae
742 904 867 931 dicendae
889 907 954 930 sunt
975 903 1003 929 in

187 948 261 975 dicta
273 947 353 974 Feria
371 950 470 980 quarta
483 946 620 973 Ginerum.
648 944 729 978 Quod
746 944 828 970 etiam
844 943 874 969 fit
891 942 1003 977 quando

187 987 266 1014 Feria
283 993 333 1020 per
349 992 452 1012 annum
469 984 599 1019 praecedit
616 984 724 1011 Feriam
742 983 867 1017 Quatuor
885 982 1002 1015 Tempo-

186 1033 256 1058 rum,
274 1025 317 1052 vel
332 1025 498 1058 Vigiliarum.
525 1024 587 1050 Hac
603 1023 684 1050 etiam
699 1022 806 1049 ratione
822 1021 950 1056 superius
963 1020 1002 1047 di—

186 1068 261 1091 ctum
283 1067 324 1091 est
345 1063 374 1090 in
395 1063 586 1090 concurrentia
607 1062 724 1089 aliorum
743 1061 918 1094 Officiorum,
939 1067 1003 1087 cum

187 1103 265 1130 Feria
285 1103 390 1130 nullum
411 1102 539 1129 Officium
559 1109 734 1135 concurrere,
756 1105 784 1128 et
802 1100 870 1127 nihil
889 1099 949 1126 fieri
969 1099 1003 1125 de

186 1143 266 1170 Feria
282 1142 457 1176 praecedenti,
474 1142 638 1169 adveniente
655 1140 708 1167 alio
725 1139 832 1168 Officio.
863 1139 892 1166 Si
910 1141 1002 1165 autem

186 1182 221 1209 de
233 1189 266 1208 ea
279 1181 428 1215 aliquando
442 1181 501 1208 fieri
515 1181 613 1208 debeat
625 1178 851 1207 commemoratio
865 1178 893 1205 in
903 1178 1003 1212 Vespe—

185 1221 231 1254 ris,
250 1228 306 1247 non
324 1220 355 1247 fit
371 1220 478 1247 ratione
495 1227 654 1253 concursus,
674 1219 723 1246 sed
741 1218 806 1252 quia
824 1225 856 1245 eo
875 1217 927 1250 die,
947 1224 1003 1251 quo

186 1260 315 1287 Officium
336 1259 477 1286 Feriarum
496 1259 643 1286 Adventus
665 1262 692 1285 et
711 1257 934 1291 Quadragesimae
954 1256 1003 1283 im-

185 1298 307 1333 peditur,
326 1298 434 1325 illarum
452 1298 676 1325 commemoratio
696 1297 802 1324 ratione
819 1295 952 1330 temporis
969 1303 1003 1322 ex

185 1341 323 1372 praecepto
341 1337 471 1365 Ecclesiae
489 1336 661 1371 praetermitti
678 1344 735 1363 non
753 1336 842 1362 debet.

238 1377 277 1404 10.
295 1377 365 1404 Cum
379 1384 445 1403 vero
460 1376 588 1410 occurrit,
605 1379 636 1402 ut
650 1376 762 1402 Festum
776 1374 898 1408 Simplex
912 1373 1004 1400 veniat

185 1416 213 1443 in
226 1415 304 1442 Feria
318 1419 417 1450 quarta
430 1418 457 1442 et
470 1419 548 1442 sexta
559 1415 685 1449 Quatuor
695 1414 872 1448 Temporam,
886 1413 915 1439 in
924 1412 1004 1439 Feria

186 1458 285 1489 quarta
303 1454 444 1486 Ginerum,
465 1458 493 1482 et
511 1454 540 1480 in
558 1454 663 1488 Vigiliis
681 1461 744 1487 quae
763 1453 930 1486 jejunantur,
952 1452 1003 1479 Ve-

186 1501 274 1528 sperae
287 1494 477 1520 antecedentes
489 1493 552 1526 (nisi
565 1500 598 1520 ea
609 1493 654 1519 die
664 1493 832 1519 celebratum
846 1491 881 1518 sit
891 1491 1003 1518 Festum

186 1540 285 1559 novem
299 1533 472 1564 Lectionum)
490 1536 571 1559 erunt
589 1532 624 1558 de
637 1531 716 1558 Feria
733 1530 873 1557 communi
890 1537 941 1564 per
957 1537 1003 1556 an-

186 1579 266 1603 num,
288 1579 343 1598 non
363 1575 454 1598 autem
475 1571 509 1598 de
528 1570 667 1603 sequenti,
691 1573 722 1596 ut
741 1569 845 1596 dictum
863 1572 919 1602 est,
940 1576 1004 1596 cum

186 1610 445 1638 commemoratione
468 1610 542 1637 Festi
564 1609 701 1644 Simplicis
724 1608 752 1635 in
778 1608 902 1642 sequenti
925 1608 1005 1634 Feria

187 1650 361 1676 occurrentis.
396 1649 477 1683 Quod
495 1649 557 1675 ideo
575 1656 631 1675 non
650 1648 688 1681 fit,
706 1648 772 1681 quia
789 1655 907 1681 sequens
925 1647 1004 1674 Feria

187 1689 287 1715 habeat
303 1688 406 1723 primas
420 1688 569 1722 Vesperas3
587 1687 637 1714 sed
651 1687 715 1721 quia
732 1694 795 1713 cum
809 1686 921 1713 Festum
935 1686 1002 1713 Sim-

187 1727 250 1761 plex
264 1727 292 1754 in
307 1727 433 1762 sequenti
447 1726 491 1753 die
503 1734 559 1753 non
572 1726 673 1753 habeat
685 1725 816 1753 Officium
829 1729 943 1759 propter
956 1725 1003 1752 Fe

188 1766 256 1792 riam
274 1766 434 1800 praedictam
452 1766 480 1792 in
498 1773 531 1792 eo
550 1769 752 1798 occurrentem,
773 1772 824 1791 nec
843 1764 925 1791 etiam
942 1771 1004 1791 con-

188 1805 262 1832 venit
275 1805 342 1832 illud
356 1805 457 1832 habere
470 1805 573 1839 primas
583 1805 719 1839 Vesperas
732 1804 760 1830 in
773 1803 940 1838 praeoedenti
953 1803 1005 1830 die.

189 1844 224 1870 Et
241 1844 337 1870 eadem
351 1844 466 1878 ratione,
483 1843 507 1871 si
521 1844 632 1871 Festum
645 1843 768 1877 Simplex
785 1845 913 1869 occurrat
926 1842 1006 1869 Feria

189 1882 284 1916 quinta
297 1882 326 1909 in
338 1882 424 1910 Coena
438 1883 559 1915 Domini,
576 1883 604 1910 in
616 1890 672 1917 qua
686 1882 721 1909 de
733 1890 766 1909 co
779 1889 835 1909 non
850 1881 932 1908 debet
947 1881 1007 1908 fieri

188 1921 420 1955 commemoratio,
433 1922 508 1949 nulla
521 1922 603 1949 etiam
618 1922 665 1949 fiet
677 1919 903 1949 commemoratio
917 1920 946 1947 in
954 1921 1007 1948 Ve-

189 1959 277 1994 speris
295 1959 383 1990 Fen'ae
399 1964 506 1995 quartae
523 1961 711 1996 praecedentis.

215 2021 292 2054 XII,
312 2019 575 2062 DelOrdinando
599 2021 720 2053 Officio
745 2031 785 2054 ex
810 2023 975 2063 praedictis

516 2066 677 2099 Rubricis.

192 2121 239 2184 Si
257 2123 319 2158 quis
338 2124 402 2151 velit
419 2131 453 2151 ex
470 2124 636 2158 supradictis
651 2124 781 2151 Rubi-icis
799 2124 928 2151 ordinare
942 2125 1008 2152 Offi-

246 2162 319 2189 cium
338 2163 506 2190 occurrentis
521 2163 583 2196 diei,
601 2163 693 2190 videat
711 2163 739 2190 in
753 2164 921 2191 Kalendario
939 2165 1007 2191 etin

191 2201 299 2228 Tabula
314 2202 456 2229 Festorum
475 2202 625 2235 mobilium,
643 2202 678 2228 de
690 2210 746 2235 quo
761 2202 808 2229 fiat
823 2202 951 2230 Officium
967 2212 1006 2231 se-

191 2240 285 2274 quenti
297 2240 354 2267 die:
368 2244 395 2267 et
409 2244 439 2267 ut
451 2241 585 2267 invenerit
598 2249 659 2268 esse
671 2240 835 2274 faciendum,
850 2242 889 2268 sic
901 2242 1009 2269 ordina-

191 2278 231 2305 bit
242 2278 310 2306 illud
321 2279 349 2305 in
358 2279 488 2314 Vesperis
497 2283 524 2306 et
533 2279 593 2306 aliis
602 2280 687 2306 Horis
695 2280 846 2314 nocturnis,
858 2284 885 2307 et
894 2281 1007 2308 diurnis.

241 2322 266 2348 2.
279 2322 308 2350 Si
322 2322 505 2349 ordinandum
518 2323 554 2350 sit
567 2323 697 2350 Officium
712 2323 746 2350 de
756 2324 901 2358 Tempore,
917 2324 945 2351 id
959 2329 1008 2358 est,

191 2361 225 2388 de
244 2362 388 2389 Dominica
408 2362 452 2388 vel
468 2362 555 2394 Feria,
572 2362 769 2389 recurrendum
787 2366 829 2389 est
846 2371 956 2398 semper
973 2364 1008 2391 ad

190 2400 363 2434 Psalterium,
380 2401 427 2427 ubi
445 2401 570 2428 ordinate
588 2401 699 2435 ponitur
716 2402 791 2435 quod
805 2405 846 2428 est
864 2409 1008 2429 commune

192 2439 283 2466 Officii
298 2439 332 2466 de
344 2439 490 2473 Tempore,
503 2447 565 2466 cum
580 2440 772 2467 distributione
786 2441 968 2474 Psalmorum,
981 2445 1008 2468 et

191 2477 227 2504 ad
242 2477 389 2512 Proprium
407 2477 442 2505 de
455 2477 600 2512 Tempore,
619 2479 666 2505 ubi
681 2479 826 2506 Lectiones
843 2483 870 2506 et
886 2480 1008 2514 Respon-

190 2517 278 2550 soria,
304 2517 431 2551 quaedam
454 2517 622 2551 Antiphonae
644 2521 676 2544 et*
693 2518 838 2545 Orationes
860 2523 1008 2553 ponuntur,

190 2563 254 2590 quse
267 2555 366 2582 desunt
380 2556 407 2582 in
422 2555 562 2582 Psaltcrio.
590 2557 791 2590 Invitatorium,
803 2557 916 2591 Hymni,
929 2558 1008 2593 Capi-

190 2594 257 2626 tula‚
272 2594 384 2627 Versus,
402 2594 588 2628 Responsoria
603 2595 697 2622 brevia
711 2599 738 2622 et
752 2596 928 2630 Antiphonae,
945 2605 1008 2631 qua:

191 2632 308 2659 diversis
329 2633 499 2666 temporibus
522 2638 662 2667 ponuntur
683 2635 710 2660 in
729 2634 858 2669 Proprio,
881 2635 1010 2663 dicuntur

190 2671 251 2698 loco
265 2679 362 2699 eorum
375 2680 438 2705 quae
453 2676 516 2698 sunt
532 2672 558 2698 in
575 2672 720 2699 Psalterio:
739 2681 801 2700 cum
816 2682 882 2700 vero
897 2675 1009 2709 propria

190 2717 246 2736 non
265 2710 374 2744 fuerint,
394 2711 522 2738 dicuntur
541 2715 570 2738 ut
590 2712 617 2738 in
636 2712 779 2739 Psalterio.

1105 278 1129 305 3.
1147 276 1177 304 Si
1194 275 1324 303 Officium
1342 275 1378 302 sit
1396 273 1582 301 ordinandum
1599 272 1635 299 de
1653 271 1768 306 Sancto,
1786 279 1878 299 recur-

1054 316 1170 344 rendum
1192 318 1234 343 est
1255 322 1365 349 semper
1390 313 1428 341 ad
1449 313 1603 340 Commune
1624 310 1791 339 Sanctorum
1813 310 1879 344 (nisi

1054 355 1196 391 proprium
1218 355 1318 381 habeat
1344 353 1374 380 in
1395 352 1514 387 Proprie
1536 351 1729 383 Sanctorum:
1754 349 1804 377 ubi
1825 357 1878 384 pro

1054 395 1186 429 qualitate
1200 393 1282 427 Festi,
1299 393 1323 420 si
1341 399 1442 420 novem
1456 391 1628 424 Lectionum,
1645 389 1675 416 id
1688 393 1738 423 est,
1757 389 1879 424 Duplex,

1054 434 1098 461 vel
1112 433 1289 467 Semiduplex
1303 432 1394 465 fuerit,
1411 430 1505 458 omnia
1518 429 1645 457 ordinate
1658 431 1809 463 ponuntur,
1824 427 1879 455 illis

1054 473 1183 507 exceptis,
1196 480 1260 506 quae
1273 471 1386 506 propria
1398 470 1456 498 suis
1469 469 1537 496 locis
1550 469 1697 495 habentur.
1723 467 1753 495 Si
1764 468 1878 497 Festum

1055 512 1137 539 fuerit
1150 511 1234 538 trium
1248 510 1411 538 Lectionum
1426 509 1582 542 (Nocturno
1596 507 1684 534 Fcrioe
1698 510 1727 534 et
1740 506 1878 534 Lectioni-

1054 552 1106 578 bus
1124 550 1257 585 exceptis)
1275 550 1367 577 omnia
1386 552 1534 576 sumuntur
1551 547 1587 574 de
1604 547 1704 574 eodem
1721 545 1878 574 Communi.

1054 591 1124 617 Tres
1139 589 1284 617 Lectiones
1302 589 1384 623 primi
1398 587 1532 616 Nocturni
1550 587 1579 613 in
1593 586 1694 613 Officio
1711 593 1813 613 novem
1826 585 1879 612 Le—

1053 630 1183 662 ctionum,
1201 633 1228 656 et
1245 629 1334 663 prima
1351 632 1379 655 et
1397 627 1519 655 secunda
1532 626 1638 659 Lectio,
1657 626 1702 653 vel
1716 625 1806 660 prima
1820 628 1879 653 tan—

1053 672 1112 695 tum
1131 669 1158 695 in
1177 669 1266 695 Festis
1284 669 1368 695 trium
1388 667 1565 699 Lectionum,
1587 667 1737 692 sumuntur
1755 665 1790 692 de
1805 664 1878 700 Scri-

1053 712 1135 742 ptura
1155 708 1183 734 in
1203 707 1302 735 Officio
1323 707 1358 734 de
1377 707 1530 741 Tempore,
1552 705 1605 732 nisi
1625 705 1688 732 aliae
1709 705 1737 731 in
1756 703 1879 739 propriis

1053 747 1121 774 loeis
1138 751 1285 782 ponantur.

1103 786 1127 813 4.
1142 787 1174 813 In
1187 786 1338 820 majoribus
1347 783 1574 813 Solemnitatibus
1588 786 1616 810 et
1625 782 1715 810 Festis
1724 789 1775 817 per
1784 783 1878 815 aiium,

1054 829 1142 852 totum
1152 825 1282 853 Officium
1296 825 1442 852 ordinatur
1455 827 1486 850 ut
1499 823 1528 850 in
1541 822 1663 857 propriis
1675 821 1744 857 locis
1757 821 1878 856 ponitur.

1103 865 1127 892 5.
1141 865 1174 892 In
1188 865 1277 891 Festis
1291 865 1380 891 beatae
1393 863 1488 890 Maxiae
1503 862 1626 896 (omissis
1639 861 1673 888 iis
1687 868 1751 895 quae
1763 860 1878 895 propi-la

1053 905 1081 931 in
1095 904 1148 931 illis
1161 905 1310 937 habentur)
1324 903 1438 938 Hymni,
1451 909 1553 929 novem
1566 900 1685 934 Psalmi,
1693 903 1722 927 et
1735 899 1790 927 alia
1802 907 1877 934 qum-

1053 944 1118 971 dam
1132 943 1298 978 requirenda
1312 946 1378 970 sunt
1390 950 1425 969 ex
1440 941 1580 969 communi
1593 941 1652 975 ejus
1665 939 1768 967 Officio
1780 946 1880 974 parvo,

1053 983 1126 1010 circa
1144 983 1227 1010 tinem
1245 982 1389 1010 Breviarii.

1104 1023 1128 1049 6.
1155 1022 1256 1049 Modus
1276 1021 1425 1049 inchoandi
1448 1019 1594 1053 Officium,
1615 1018 1726 1046 dicendi
1745 1015 1878 1045 Invitato-

1053 1062 1137 1095 rium,
1159 1061 1300 1095 Hymnos,
1322 1061 1499 1095 Antiphonas
1519 1062 1547 1086 et
1565 1058 1684 1092 Versus,
1709 1057 1830 1084 habetur
1849 1057 1880 1084 in

1053 1101 1188 1135 principio
1199 1100 1334 1127 Psalterii.
1357 1101 1428 1127 Cum
1442 1106 1508 1126 vero
1518 1098 1689 1132 Antiphonae
1702 1095 1879 1131 duplicandae

1053 1144 1131 1174 sunt,
1154 1140 1284 1167 dicuntur
1302 1139 1415 1174 integrae
1437 1142 1501 1166 ante
1520 1137 1663 1171 Psalmos‚
1685 1136 1758 1164 sicut
1775 1135 1805 1163 in
1823 1135 1880 1163 fine

1053 1179 1236 1206 Psalmorum.

1105 1220 1129 1246 7.
1152 1218 1252 1245 Modus
1273 1217 1382 1245 dicendi
1399 1217 1599 1244 Absolutiones
1621 1218 1649 1243 et
1666 1213 1880 1242 Benedictiones

1054 1261 1116 1285 ante
1135 1258 1288 1292 Lectiones,
1307 1257 1416 1291 legendi
1434 1261 1462 1284 et
1480 1255 1647 1284 terminandi
1665 1254 1820 1288 Lectiones,
1840 1253 1879 1280 di-

1053 1297 1134 1324 cendi
1154 1297 1343 1331 Responson‘a
1365 1300 1429 1331 post
1451 1295 1612 1330 Lectiones,
1637 1292 1880 1328 acRe-sponsoria

1054 1337 1149 1363 brevia
1166 1339 1230 1371 post
1244 1335 1380 1370 Capitula,
1398 1335 1518 1362 habetur
1533 1335 1562 1362 in
1579 1334 1672 1370 prima
1683 1332 1831 1362 Dominica
1845 1332 1880 1359 de
1936 1352 1939 1353 γ

1054 1375 1194 1402 Adventu.

1105 1416 1129 1442 8.
1144 1414 1290 1448 Quomodo
1305 1413 1340 1440 sit
1353 1414 1541 1440 inchoandum
1554 1416 1582 1440 et
1594 1411 1801 1440 terminandum
1812 1409 1882 1438 Offi-.

1053 1455 1126 1481 cium
1143 1461 1194 1488 per
1207 1453 1308 1487 Horas,
1327 1453 1446 1480 habetur
1461 1453 1490 1480 in
1503 1452 1654 1480 Psalterio:
1672 1450 1814 1486 quomodo
1827 1453 1881 1477 ter-

1054 1493 1216 1520 minandum
1235 1500 1285 1528 per
1299 1492 1476 1527 Antiphonas
1493 1493 1583 1520 beatae
1595 1491 1700 1526 Mariae,
1718 1491 1838 1518 habetur
1851 1488 1881 1516 in

1056 1533 1109 1560 fine
1128 1532 1314 1567 Completorii.
1560 1538 1565 1540 ’

1106 1573 1130 1599 9.
1153 1571 1209 1599 Sed
1227 1575 1257 1598 ut
1276 1572 1336 1598 haec
1354 1571 1448 1598 omnia
1467 1570 1576 1598 facilius
1593 1570 1761 1603 habeantur,
1781 1566 1882 1604 positae

1055 1615 1119 1638 sunt
1133 1614 1281 1645 sequentes
1296 1611 1427 1638 Rubricae
1440 1610 1476 1637 de
1488 1609 1604 1644 singulis
1616 1609 1712 1643 Horis,
1729 1614 1882 1641 earumque

1056 1650 1181 1685 partibus
1199 1650 1327 1677 distincte
1344 1649 1552 1684 cognoscendis.

1284 1717 1378 1750 XIII.
1402 1717 1452 1749 De
1475 1715 1647 1749 Matutino.

1058 1775 1116 1841 Ad
1134 1775 1299 1803 Matutinum
1317 1777 1377 1803 haec
1394 1784 1445 1811 per
1462 1775 1589 1802 ordinem
1606 1774 1770 1809 regulariter
1786 1773 1883 1800 dicun-

1121 1819 1175 1849 tur,
1193 1815 1347 1842 secundm
1364 1815 1552 1843 diversitatem
1569 1814 1670 1849 Officii,
1687 1813 1743 1840 nisi
1758 1813 1839 1840 aliter
1853 1812 1883 1839 in

1057 1855 1223 1890 quibusdam
1240 1855 1339 1882 diebus
1354 1858 1512 1882 annotetur:
1527 1854 1613 1881 Pater
1625 1856 1728 1886 noster,
1746 1853 1808 1880 Ave
1822 1853 1879 1879 Ma-

1056 1894 1104 1920 ria.
1123 1894 1134 1918 (
1138 1894 1220 1921 1rcdo.
1241 1894 1335 1921 omnia
1346 1897 1466 1922 secreto:
1484 1893 1587 1921 deinde
1599 1893 1676 1920 clara
1687 1899 1757 1920 voce
1770 1890 1884 1919 Hebdo-

1058 1933 1198 1960 madarius
1216 1933 1295 1967 dicit,
1316 1933 1435 1960 D6mine
1456 1933 1529 1959 labia
1547 1940 1622 1966 mea,
1644 1936 1708 1965 ete,
1729 1930 1830 1966 pollice
1847 1929 1883 1957 si-

1057 1972 1167 2007 gnando
1180 1973 1234 1999 sibi
1247 1980 1279 1999 os
1292 1973 1370 2007 signo
1384 1972 1492 2006 Crucis,
1503 1972 1579 1998 Deus
1594 1972 1620 1998 in
1635 1970 1813 2004 adjutorium,
1826 1973 1878 1996 etc.

1057 2020 1140 2039 manu
1158 2015 1272 2039 extensa
1289 2012 1423 2046 signando
1441 2019 1471 2038 se
1491 2011 1569 2046 signo
1587 2010 1685 2039 Crucis
1702 2018 1720 2037 a
1737 2010 1830 2038 fronte
1846 2007 1884 2035 ad

1057 2055 1167 2086 pectus,
1192 2055 1219 2078 et
1246 2059 1263 2077 a
1288 2051 1400 2078 sinistro
1422 2051 1539 2078 humero
1564 2058 1653 2085 usque
1679 2050 1716 2077 ad
1738 2049 1884 2076 dexterum

1058 2090 1145 2124 (quod
1163 2094 1292 2118 servatur
1309 2090 1337 2117 in
1355 2090 1490 2125 principio
1508 2090 1634 2118 omnium
1651 2089 1803 2122 Horarum,
1820 2094 1884 2114 cum

1058 2129 1166 2163 dicitur,
1178 2131 1254 2157 Deus
1268 2130 1295 2156 in
1310 2129 1491 2161 adjutorium)
1503 2137 1567 2156 cum
1573 2130 1670 2156 Gloria
1681 2126 1758 2154 Pam·
1772 2130 1800 2155 et
1814 2126 1885 2160 aliis,

1058 2172 1087 2195 ut
1101 2169 1129 2195 in
1142 2169 1277 2203 principio
1291 2169 1427 2196 Psalterii.
1451 2169 1561 2196 Deinde
1574 2169 1677 2195 dicitur
1689 2165 1885 2194 Invitatorium

1057 2207 1225 2234 conveniens
1239 2208 1339 2235 Officio
1355 2208 1390 2235 de
1404 2209 1552 2243 Tempore,
1570 2208 1615 2236 vel
1630 2208 1666 2235 de
1679 2207 1790 2240 Sancto,
1808 2205 1886 2240 quod

1058 2246 1159 2273 dicitur
1172 2254 1235 2274 cum
1250 2247 1362 2274 Psalmo
1374 2247 1471 2274 Venite
1484 2247 1663 2278 exsultemus,
1681 2253 1715 2273 eo
1727 2245 1813 2273 modo
1825 2251 1883 2279 quo

1058 2285 1086 2312 in
1104 2285 1239 2320 principio
1258 2286 1386 2313 Psalterii
1404 2286 1577 2313 describitur.
1610 2286 1693 2313 Dicto
1712 2285 1839 2318 Psalmo,
1857 2286 1886 2311 et

1058 2325 1174 2358 repetito
1193 2325 1365 2357 Invitatorio,
1384 2326 1485 2353 dicitur
1501 2325 1644 2359 Hymnus,
1663 2325 1712 2359 qui
1730 2323 1831 2352 Officio
1849 2323 1886 2350 de

1059 2363 1205 2398 Tempore,
1223 2364 1268 2391 vel
1286 2365 1322 2391 de
1339 2364 1450 2398 Sancto,
1467 2365 1604 2392 convenit.

1110 2404 1134 2430 ⁴2.
1154 2403 1255 2430 Postea
1272 2404 1300 2430 in
1316 2404 1481 2438 Duplicibus
1498 2407 1526 2430 et
1540 2403 1773 2437 Semiduplicibus
1791 2401 1885 2429 dicun-

1059 2447 1104 2469 tur
1125 2450 1226 2469 novem
1245 2442 1349 2470 Psalmi
1372 2443 1432 2476 (sed
1453 2443 1481 2469 in
1500 2442 1655 2470 Dominicis
1677 2442 1786 2477 plures,
1807 2444 1838 2468 ut
1857 2440 1886 2467 in

1059 2481 1204 2514 Psalterio)
1231 2490 1293 2508 cum
1321 2482 1379 2508 suis
1401 2482 1570 2516 Antiphonis
1597 2483 1624 2508 et
1646 2481 1796 2515 Versibus,
1811 2487 1886 2514 ,quae

1060 2521 1199 2555 Temperi,
1218 2521 1262 2548 vel
1275 2521 1358 2548 Festo
1371 2521 1547 2555 conveniunt,
1565 2524 1592 2547 et
1607 2521 1724 2548 totidem
1737 2518 1885 2548 [actiones

1059 2567 1122 2586 cum
1135 2563 1197 2586 octo
1208 2560 1411 2594 Responsoriis,
1425 2559 1576 2594 aliquando
1589 2567 1654 2586 cum
1662 2567 1774 2593 novem,
1782 2562 1818 2586 :ut
1827 2558 1886 2585 suis

1059 2598 1126 2625 locis
1137 2599 1256 2633 ponitur,
1270 2606 1320 2633 per
1329 2603 1385 2626 tres
1395 2599 1554 2626 Nocturnos
1567 2599 1720 2633 distinctos,
1729 2599 1782 2625 hoc
1791 2597 1885 2625 modo.

1113 2639 1137 2664 3.
1158 2637 1190 2664 ln
1207 2638 1297 2671 primo
1315 2638 1458 2666 Nocturno
1476 2638 1608 2665 dicuntur
1625 2642 1682 2665 tres
1698 2637 1803 2666 Psalmi
1821 2644 1885 2664 cum

1059 2677 1148 2703 tribus
1165 2676 1346 2711 Antiphonis,
1365 2680 1428 2711 post
1445 2677 1568 2711 singulos
1586 2677 1714 2704 Psalmos
1732 2685 1789 2704 una
1805 2676 1885 2704 Anu-

1059 2716 1164 2748 phona:
1182 2716 1232 2742 sed
1250 2719 1374 2750 tempore
1391 2716 1526 2750 Paschali,
1543 2716 1574 2742 id
1590 2719 1641 2750 est,
1659 2725 1676 2744 a
1692 2715 1839 2744 Dominica
1856 2715 1885 2742 in
