<?xml version="1.0" encoding="UTF-8"?>
<!DOCTYPE html PUBLIC "-//W3C//DTD XHTML 1.0 Transitional//EN"
    "http://www.w3.org/TR/xhtml1/DTD/xhtml1-transitional.dtd">
<html xmlns="http://www.w3.org/1999/xhtml" xml:lang="en" lang="en">
 <head>
  <title>
</title>
<meta http-equiv="Content-Type" content="text/html;charset=utf-8" />
  <meta name='ocr-system' content='tesseract 3.04.00' />
  <meta name='ocr-capabilities' content='ocr_page ocr_carea ocr_par ocr_line ocrx_word'/>
</head>
<body>
  <div class='ocr_page' id='page_1' title='image "./p1breviariumroma00cathuoft_0603.png"; bbox 0 0 2080 2990; ppageno 0'>
   <div class='ocr_carea' id='block_1_1' title="bbox 674 249 1411 292">
    <p class='ocr_par' dir='ltr' id='par_1_1' title="bbox 674 249 1411 292">
     <span class='ocr_line' id='line_1_1' title="bbox 674 249 1411 292; baseline -0.001 -8"><span class='ocrx_word' id='word_1_1' title='bbox 674 250 885 284; x_wconf 76' lang='lat' dir='ltr'>Commune</span> <span class='ocrx_word' id='word_1_2' title='bbox 912 249 1165 292; x_wconf 87' lang='lat' dir='ltr'>plurimorum</span> <span class='ocrx_word' id='word_1_3' title='bbox 1191 249 1411 292; x_wconf 73' lang='lat' dir='ltr'><strong>Martyrum.</strong></span> 
     </span>
    </p>
   </div>
   <div class='ocr_carea' id='block_1_2' title="bbox 171 351 1025 1196">
    <p class='ocr_par' dir='ltr' id='par_1_2' title="bbox 189 351 1025 685">
     <span class='ocr_line' id='line_1_2' title="bbox 190 351 1025 404; baseline -0.004 -10"><span class='ocrx_word' id='word_1_4' title='bbox 190 353 357 395; x_wconf 83' lang='lat' dir='ltr'>Discite</span> <span class='ocrx_word' id='word_1_5' title='bbox 390 365 415 393; x_wconf 90' lang='lat' dir='ltr'>a</span> <span class='ocrx_word' id='word_1_6' title='bbox 446 365 537 402; x_wconf 87' lang='lat' dir='ltr'>me,</span> <span class='ocrx_word' id='word_1_7' title='bbox 579 352 682 404; x_wconf 88' lang='lat' dir='ltr'>quia</span> <span class='ocrx_word' id='word_1_8' title='bbox 709 351 827 392; x_wconf 91' lang='lat' dir='ltr'>mitis</span> <span class='ocrx_word' id='word_1_9' title='bbox 857 364 952 392; x_wconf 89' lang='lat' dir='ltr'>sum</span> <span class='ocrx_word' id='word_1_10' title='bbox 981 354 1025 391; x_wconf 90' lang='lat' dir='ltr'>et</span> 
     </span>
     <span class='ocr_line' id='line_1_3' title="bbox 191 407 1023 450; baseline -0.005 0"><span class='ocrx_word' id='word_1_11' title='bbox 191 408 365 450; x_wconf 71' lang='lat' dir='ltr'>hamilis</span> <span class='ocrx_word' id='word_1_12' title='bbox 404 408 549 450; x_wconf 89' lang='lat' dir='ltr'>corde.</span> <span class='ocrx_word' id='word_1_13' title='bbox 607 408 724 449; x_wconf 91' lang='lat' dir='ltr'>Audi</span> <span class='ocrx_word' id='word_1_14' title='bbox 763 412 807 448; x_wconf 94' lang='lat' dir='ltr'>et</span> <span class='ocrx_word' id='word_1_15' title='bbox 843 407 1023 448; x_wconf 89' lang='lat' dir='ltr'>Petrum</span> 
     </span>
     <span class='ocr_line' id='line_1_4' title="bbox 191 463 1023 518; baseline -0.004 -12"><span class='ocrx_word' id='word_1_16' title='bbox 191 464 459 518; x_wconf 66' lang='lat' dir='ltr'>Apostolum</span> <span class='ocrx_word' id='word_1_17' title='bbox 478 464 804 506; x_wconf 78' lang='lat' dir='ltr'>admonentem:</span> <span class='ocrx_word' id='word_1_18' title='bbox 825 463 1023 504; x_wconf 86' lang='lat' dir='ltr'>Christus</span> 
     </span>
     <span class='ocr_line' id='line_1_5' title="bbox 189 519 1024 574; baseline -0.004 -12"><span class='ocrx_word' id='word_1_19' title='bbox 189 533 348 574; x_wconf 87' lang='lat' dir='ltr'>passus</span> <span class='ocrx_word' id='word_1_20' title='bbox 377 526 444 562; x_wconf 88' lang='lat' dir='ltr'>est</span> <span class='ocrx_word' id='word_1_21' title='bbox 475 534 557 573; x_wconf 92' lang='lat' dir='ltr'>pro</span> <span class='ocrx_word' id='word_1_22' title='bbox 587 521 732 570; x_wconf 90' lang='lat' dir='ltr'>nobis,</span> <span class='ocrx_word' id='word_1_23' title='bbox 774 519 1024 570; x_wconf 83' lang='lat' dir='ltr'>relinquens</span> 
     </span>
     <span class='ocr_line' id='line_1_6' title="bbox 190 577 1023 630; baseline -0.004 -12"><span class='ocrx_word' id='word_1_24' title='bbox 190 577 318 618; x_wconf 89' lang='lat' dir='ltr'>nobis</span> <span class='ocrx_word' id='word_1_25' title='bbox 339 577 603 630; x_wconf 78' lang='lat' dir='ltr'>exemplum,</span> <span class='ocrx_word' id='word_1_26' title='bbox 631 582 680 618; x_wconf 92' lang='lat' dir='ltr'>ut</span> <span class='ocrx_word' id='word_1_27' title='bbox 698 578 935 629; x_wconf 88' lang='lat' dir='ltr'>sequamur</span> <span class='ocrx_word' id='word_1_28' title='bbox 955 587 1023 616; x_wconf 93' lang='lat' dir='ltr'>ve-</span> 
     </span>
     <span class='ocr_line' id='line_1_7' title="bbox 192 634 442 685; baseline 0 -11"><span class='ocrx_word' id='word_1_29' title='bbox 192 634 319 683; x_wconf 80' lang='lat' dir='ltr'>stigia</span> <span class='ocrx_word' id='word_1_30' title='bbox 340 634 442 685; x_wconf 89' lang='lat' dir='ltr'>ejus.</span> 
     </span>
    </p>

    <p class='ocr_par' dir='ltr' id='par_1_3' title="bbox 171 697 1025 1196">
     <span class='ocr_line' id='line_1_8' title="bbox 240 697 1024 750; baseline 0 -13"><span class='ocrx_word' id='word_1_31' title='bbox 240 699 291 750; x_wconf 69' lang='lat' dir='ltr'>R.</span> <span class='ocrx_word' id='word_1_32' title='bbox 322 699 570 750; x_wconf 81' lang='lat' dir='ltr'>Tamquam</span> <span class='ocrx_word' id='word_1_33' title='bbox 595 711 749 739; x_wconf 91' lang='lat' dir='ltr'>aurum</span> <span class='ocrx_word' id='word_1_34' title='bbox 773 697 817 737; x_wconf 90' lang='lat' dir='ltr'>in</span> <span class='ocrx_word' id='word_1_35' title='bbox 846 697 1024 738; x_wconf 88' lang='lat' dir='ltr'>fornace</span> 
     </span>
     <span class='ocr_line' id='line_1_9' title="bbox 190 752 1025 806; baseline -0.002 -11"><span class='ocrx_word' id='word_1_36' title='bbox 190 753 397 806; x_wconf 88' lang='lat' dir='ltr'>probavit</span> <span class='ocrx_word' id='word_1_37' title='bbox 412 754 578 796; x_wconf 83' lang='lat' dir='ltr'>electos</span> <span class='ocrx_word' id='word_1_38' title='bbox 593 754 819 803; x_wconf 71' lang='lat' dir='ltr'>Daminus,</span> <span class='ocrx_word' id='word_1_39' title='bbox 840 758 884 794; x_wconf 88' lang='lat' dir='ltr'>et</span> <span class='ocrx_word' id='word_1_40' title='bbox 899 752 1025 804; x_wconf 82' lang='lat' dir='ltr'>quasi</span> 
     </span>
     <span class='ocr_line' id='line_1_10' title="bbox 190 808 1024 861; baseline -0.002 -11"><span class='ocrx_word' id='word_1_41' title='bbox 190 809 438 852; x_wconf 78' lang='lat' dir='ltr'>holocausti</span> <span class='ocrx_word' id='word_1_42' title='bbox 452 810 642 853; x_wconf 71' lang='lat' dir='ltr'>hastiam</span> <span class='ocrx_word' id='word_1_43' title='bbox 657 809 828 861; x_wconf 76' lang='lat' dir='ltr'>accepit</span> <span class='ocrx_word' id='word_1_44' title='bbox 846 808 960 849; x_wconf 91' lang='lat' dir='ltr'>illos:</span> <span class='ocrx_word' id='word_1_45' title='bbox 981 813 1024 849; x_wconf 88' lang='lat' dir='ltr'>et</span> 
     </span>
     <span class='ocr_line' id='line_1_11' title="bbox 190 864 1023 918; baseline -0.001 -12"><span class='ocrx_word' id='word_1_46' title='bbox 190 866 234 906; x_wconf 92' lang='lat' dir='ltr'>in</span> <span class='ocrx_word' id='word_1_47' title='bbox 257 868 458 918; x_wconf 77' lang='lat' dir='ltr'>tempore</span> <span class='ocrx_word' id='word_1_48' title='bbox 478 867 560 908; x_wconf 87' lang='lat' dir='ltr'>erit</span> <span class='ocrx_word' id='word_1_49' title='bbox 585 867 814 918; x_wconf 75' lang='lat' dir='ltr'>respectus</span> <span class='ocrx_word' id='word_1_50' title='bbox 833 864 1023 906; x_wconf 65' lang='lat' dir='ltr'>illarum:</span> 
     </span>
     <span class='ocr_line' id='line_1_12' title="bbox 189 921 1023 974; baseline -0.002 -11"><span class='ocrx_word' id='word_1_51' title='bbox 189 921 211 944; x_wconf 82' lang='grc'>*</span> <span class='ocrx_word' id='word_1_52' title='bbox 239 922 454 972; x_wconf 70' lang='lat' dir='ltr'>Quaniam</span> <span class='ocrx_word' id='word_1_53' title='bbox 478 922 644 964; x_wconf 92' lang='lat' dir='ltr'>donum</span> <span class='ocrx_word' id='word_1_54' title='bbox 668 926 711 963; x_wconf 90' lang='lat' dir='ltr'>et</span> <span class='ocrx_word' id='word_1_55' title='bbox 734 934 822 974; x_wconf 92' lang='lat' dir='ltr'>pax</span> <span class='ocrx_word' id='word_1_56' title='bbox 849 926 917 962; x_wconf 90' lang='grc' dir='ltr'>θεῖ</span> <span class='ocrx_word' id='word_1_57' title='bbox 941 921 1023 962; x_wconf 84' lang='grc' dir='ltr'>θ1θ-</span> 
     </span>
     <span class='ocr_line' id='line_1_13' title="bbox 191 974 1023 1029; baseline -0.001 -11"><span class='ocrx_word' id='word_1_58' title='bbox 191 978 273 1018; x_wconf 88' lang='lat' dir='ltr'>ctis</span> <span class='ocrx_word' id='word_1_59' title='bbox 289 978 384 1019; x_wconf 90' lang='lat' dir='ltr'>Dei.</span> <span class='ocrx_word' id='word_1_60' title='bbox 402 974 452 1024; x_wconf 70' lang='lat' dir='ltr'>V.</span> <span class='ocrx_word' id='word_1_61' title='bbox 478 979 562 1029; x_wconf 92' lang='lat' dir='ltr'>Qui</span> <span class='ocrx_word' id='word_1_62' title='bbox 582 977 809 1019; x_wconf 86' lang='lat' dir='ltr'>confidunt</span> <span class='ocrx_word' id='word_1_63' title='bbox 827 978 871 1017; x_wconf 92' lang='lat' dir='ltr'>in</span> <span class='ocrx_word' id='word_1_64' title='bbox 891 977 1023 1026; x_wconf 82' lang='lat' dir='ltr'>illum,</span> 
     </span>
     <span class='ocr_line' id='line_1_14' title="bbox 188 1033 1023 1085; baseline 0 -12"><span class='ocrx_word' id='word_1_65' title='bbox 188 1033 431 1085; x_wconf 77' lang='lat' dir='ltr'>intelligent</span> <span class='ocrx_word' id='word_1_66' title='bbox 455 1035 701 1084; x_wconf 81' lang='lat' dir='ltr'>veritatem,</span> <span class='ocrx_word' id='word_1_67' title='bbox 731 1038 775 1075; x_wconf 89' lang='lat' dir='ltr'>et</span> <span class='ocrx_word' id='word_1_68' title='bbox 800 1033 954 1074; x_wconf 80' lang='lat' dir='ltr'>fideles</span> <span class='ocrx_word' id='word_1_69' title='bbox 980 1034 1023 1073; x_wconf 91' lang='lat' dir='ltr'>in</span> 
     </span>
     <span class='ocr_line' id='line_1_15' title="bbox 190 1088 1023 1143; baseline -0.001 -13"><span class='ocrx_word' id='word_1_70' title='bbox 190 1088 423 1131; x_wconf 67' lang='lat' dir='ltr'>dilectione</span> <span class='ocrx_word' id='word_1_71' title='bbox 461 1091 743 1143; x_wconf 77' lang='lat' dir='ltr'>acquiescent</span> <span class='ocrx_word' id='word_1_72' title='bbox 779 1089 851 1130; x_wconf 90' lang='lat' dir='ltr'>illi.</span> <span class='ocrx_word' id='word_1_73' title='bbox 909 1090 1023 1139; x_wconf 68' lang='lat' dir='ltr'>Qua-</span> 
     </span>
     <span class='ocr_line' id='line_1_16' title="bbox 171 1146 931 1196; baseline 0 -10"><span class='ocrx_word' id='word_1_74' title='bbox 171 1146 316 1187; x_wconf 81' lang='lat' dir='ltr'>‘niam.</span> <span class='ocrx_word' id='word_1_75' title='bbox 355 1146 507 1188; x_wconf 69' lang='lat' dir='ltr'>Gloria</span> <span class='ocrx_word' id='word_1_76' title='bbox 535 1147 665 1188; x_wconf 83' lang='lat' dir='ltr'>Patri.</span> <span class='ocrx_word' id='word_1_77' title='bbox 703 1146 931 1196; x_wconf 82' lang='lat' dir='ltr'>Qu6niam.</span> 
     </span>
    </p>
   </div>
   <div class='ocr_carea' id='block_1_3' title="bbox 402 1224 800 1264">
    <p class='ocr_par' dir='ltr' id='par_1_4' title="bbox 402 1224 800 1264">
     <span class='ocr_line' id='line_1_17' title="bbox 402 1224 800 1264; baseline 0.005 -2"><span class='ocrx_word' id='word_1_78' title='bbox 402 1224 451 1263; x_wconf 89' lang='lat' dir='ltr'>In</span> <span class='ocrx_word' id='word_1_79' title='bbox 478 1224 548 1263; x_wconf 89' lang='grc' dir='ltr'><strong>ΙΙΙ.</strong></span> <span class='ocrx_word' id='word_1_80' title='bbox 577 1224 800 1264; x_wconf 78' lang='lat' dir='ltr'>Nocturno.</span> 
     </span>
    </p>
   </div>
   <div class='ocr_carea' id='block_1_4' title="bbox 244 1290 1099 1342">
    <p class='ocr_par' dir='ltr' id='par_1_5' title="bbox 244 1290 1099 1342">
     <span class='ocr_line' id='line_1_18' title="bbox 244 1290 1099 1342; baseline -0.001 -11"><span class='ocrx_word' id='word_1_81' title='bbox 244 1292 343 1331; x_wconf 87' lang='lat' dir='ltr'>Ant.</span> <span class='ocrx_word' id='word_1_82' title='bbox 363 1290 474 1331; x_wconf 86' lang='lat' dir='ltr'>Justi</span> <span class='ocrx_word' id='word_1_83' title='bbox 494 1293 642 1330; x_wconf 89' lang='lat' dir='ltr'>autem</span> <span class='ocrx_word' id='word_1_84' title='bbox 657 1290 739 1329; x_wconf 85' lang='lat' dir='ltr'>*in</span> <span class='ocrx_word' id='word_1_85' title='bbox 758 1291 1022 1342; x_wconf 75' lang='lat' dir='ltr'>perpetuum</span> <span class='ocrx_word' id='word_1_86' title='bbox 1076 1306 1099 1330; x_wconf 68' lang='grc' dir='ltr'>ια</span> 
     </span>
    </p>
   </div>
   <div class='ocr_carea' id='block_1_5' title="bbox 188 1345 1022 1501">
    <p class='ocr_par' dir='ltr' id='par_1_6' title="bbox 188 1345 1022 1501">
     <span class='ocr_line' id='line_1_19' title="bbox 188 1345 1022 1398; baseline 0 -13"><span class='ocrx_word' id='word_1_87' title='bbox 188 1345 346 1396; x_wconf 88' lang='lat' dir='ltr'>vivent,</span> <span class='ocrx_word' id='word_1_88' title='bbox 367 1351 411 1387; x_wconf 89' lang='lat' dir='ltr'>et</span> <span class='ocrx_word' id='word_1_89' title='bbox 430 1345 549 1398; x_wconf 91' lang='lat' dir='ltr'>apud</span> <span class='ocrx_word' id='word_1_90' title='bbox 569 1346 806 1386; x_wconf 70' lang='lat' dir='ltr'>Daminum</span> <span class='ocrx_word' id='word_1_91' title='bbox 827 1351 894 1387; x_wconf 90' lang='grc' dir='ltr'>θεῖ</span> <span class='ocrx_word' id='word_1_92' title='bbox 912 1359 1022 1386; x_wconf 87' lang='lat' dir='ltr'>mer-</span> 
     </span>
     <span class='ocr_line' id='line_1_20' title="bbox 189 1404 446 1443; baseline 0.004 -1"><span class='ocrx_word' id='word_1_93' title='bbox 189 1414 262 1442; x_wconf 90' lang='lat' dir='ltr'>ces</span> <span class='ocrx_word' id='word_1_94' title='bbox 282 1404 446 1443; x_wconf 69' lang='lat' dir='ltr'>earum.</span> 
     </span>
     <span class='ocr_line' id='line_1_21' title="bbox 462 1460 744 1501; baseline -0.004 0"><span class='ocrx_word' id='word_1_95' title='bbox 462 1460 660 1501; x_wconf 85' lang='lat' dir='ltr'>Psalmus</span> <span class='ocrx_word' id='word_1_96' title='bbox 681 1464 744 1501; x_wconf 78' lang='lat'>3...</span> <span class='ocrx_word' id='word_1_97' title='bbox 712 1463 734 1487; x_wconf 66' lang='lat'>‘²</span> 
     </span>
    </p>
   </div>
   <div class='ocr_carea' id='block_1_6' title="bbox 186 1529 1022 1806">
    <p class='ocr_par' dir='ltr' id='par_1_7' title="bbox 197 1529 1022 1635">
     <span class='ocr_line' id='line_1_22' title="bbox 197 1529 1022 1635; baseline 0.006 -14.288"><span class='ocrx_word' id='word_1_98' title='bbox 197 1549 299 1635; x_wconf 48' lang='lat' dir='ltr'>J}</span> <span class='ocrx_word' id='word_1_99' title='bbox 309 1530 498 1628; x_wconf 63' lang='grc' dir='ltr'>Χῗὲἐῖἓῗ</span> <span class='ocrx_word' id='word_1_100' title='bbox 508 1530 637 1627; x_wconf 55' lang='grc' dir='ltr'>(1Ῑέἒεῖ</span> <span class='ocrx_word' id='word_1_101' title='bbox 666 1529 962 1627; x_wconf 57' lang='grc' dir='ltr'>Ξὲιιὲῗέἓὶῗὲ</span> <span class='ocrx_word' id='word_1_102' title='bbox 998 1530 1022 1554; x_wconf 81' lang='lat'>*</span> 
     </span>
    </p>

    <p class='ocr_par' dir='ltr' id='par_1_8' title="bbox 186 1631 1021 1806">
     <span class='ocr_line' id='line_1_23' title="bbox 298 1631 1021 1684; baseline -0.003 -0.175"><span class='ocrx_word' id='word_1_103' title='bbox 298 1631 299 1637; x_wconf 31' lang='lat'>¹</span> <span class='ocrx_word' id='word_1_104' title='bbox 360 1642 638 1684; x_wconf 84' lang='lat' dir='ltr'>Confitemini</span> <span class='ocrx_word' id='word_1_105' title='bbox 664 1642 855 1683; x_wconf 69' lang='lat' dir='ltr'>Damino</span> <span class='ocrx_word' id='word_1_106' title='bbox 889 1642 933 1682; x_wconf 92' lang='lat' dir='ltr'>in</span> <span class='ocrx_word' id='word_1_107' title='bbox 966 1643 1021 1682; x_wconf 85' lang='lat' dir='ltr'>ci-</span> 
     </span>
     <span class='ocr_line' id='line_1_24' title="bbox 186 1670 1020 1750; baseline -0.001 -10"><span class='ocrx_word' id='word_1_108' title='bbox 186 1670 328 1740; x_wconf 83' lang='lat' dir='ltr'>thara:</span> <span class='ocrx_word' id='word_1_109' title='bbox 352 1698 375 1723; x_wconf 89' lang='lat'>*</span> <span class='ocrx_word' id='word_1_110' title='bbox 402 1698 447 1739; x_wconf 90' lang='lat' dir='ltr'>in</span> <span class='ocrx_word' id='word_1_111' title='bbox 473 1698 684 1750; x_wconf 83' lang='lat' dir='ltr'>psalterio</span> <span class='ocrx_word' id='word_1_112' title='bbox 714 1697 869 1739; x_wconf 92' lang='lat' dir='ltr'>decem</span> <span class='ocrx_word' id='word_1_113' title='bbox 897 1697 1020 1739; x_wconf 89' lang='lat' dir='ltr'>chor-</span> 
     </span>
     <span class='ocr_line' id='line_1_25' title="bbox 188 1753 647 1806; baseline -0.004 -10"><span class='ocrx_word' id='word_1_114' title='bbox 188 1753 345 1796; x_wconf 87' lang='lat' dir='ltr'>darum</span> <span class='ocrx_word' id='word_1_115' title='bbox 372 1754 547 1806; x_wconf 84' lang='lat' dir='ltr'>psallite</span> <span class='ocrx_word' id='word_1_116' title='bbox 574 1753 647 1794; x_wconf 91' lang='lat' dir='ltr'>illi.</span> 
     </span>
    </p>
   </div>
   <div class='ocr_carea' id='block_1_7' title="bbox 242 1810 1020 1852">
    <p class='ocr_par' dir='ltr' id='par_1_9' title="bbox 242 1810 1020 1852">
     <span class='ocr_line' id='line_1_26' title="bbox 242 1810 1020 1852; baseline -0.004 0"><span class='ocrx_word' id='word_1_117' title='bbox 242 1810 426 1852; x_wconf 84' lang='lat' dir='ltr'>Cantate</span> <span class='ocrx_word' id='word_1_118' title='bbox 463 1810 503 1852; x_wconf 92' lang='lat' dir='ltr'>ei</span> <span class='ocrx_word' id='word_1_119' title='bbox 537 1811 755 1852; x_wconf 84' lang='lat' dir='ltr'>canticum</span> <span class='ocrx_word' id='word_1_120' title='bbox 790 1823 970 1851; x_wconf 90' lang='lat' dir='ltr'>novum:</span> <span class='ocrx_word' id='word_1_121' title='bbox 998 1810 1020 1835; x_wconf 84' lang='lat'>*</span> 
     </span>
    </p>
   </div>
   <div class='ocr_carea' id='block_1_8' title="bbox 187 1866 1021 2188">
    <p class='ocr_par' dir='ltr' id='par_1_10' title="bbox 187 1866 1021 2188">
     <span class='ocr_line' id='line_1_27' title="bbox 187 1866 960 1919; baseline -0.003 -11"><span class='ocrx_word' id='word_1_122' title='bbox 187 1866 300 1908; x_wconf 88' lang='lat' dir='ltr'>bene</span> <span class='ocrx_word' id='word_1_123' title='bbox 319 1866 494 1919; x_wconf 76' lang='lat' dir='ltr'>psallite</span> <span class='ocrx_word' id='word_1_124' title='bbox 514 1866 554 1907; x_wconf 90' lang='lat' dir='ltr'>ei</span> <span class='ocrx_word' id='word_1_125' title='bbox 571 1866 616 1906; x_wconf 92' lang='lat' dir='ltr'>in</span> <span class='ocrx_word' id='word_1_126' title='bbox 634 1866 960 1907; x_wconf 68' lang='lat' dir='ltr'>vociferatiane.</span> 
     </span>
     <span class='ocr_line' id='line_1_28' title="bbox 242 1922 1021 1972; baseline -0.003 -9"><span class='ocrx_word' id='word_1_127' title='bbox 242 1922 353 1972; x_wconf 83' lang='lat' dir='ltr'>Quia</span> <span class='ocrx_word' id='word_1_128' title='bbox 369 1927 538 1963; x_wconf 91' lang='lat' dir='ltr'>rectum</span> <span class='ocrx_word' id='word_1_129' title='bbox 553 1927 620 1963; x_wconf 91' lang='grc' dir='ltr'>θεῖ</span> <span class='ocrx_word' id='word_1_130' title='bbox 634 1922 818 1963; x_wconf 88' lang='lat' dir='ltr'>verbum</span> <span class='ocrx_word' id='word_1_131' title='bbox 832 1922 1021 1971; x_wconf 81' lang='lat' dir='ltr'>D6mini,</span> 
     </span>
     <span class='ocr_line' id='line_1_29' title="bbox 189 1977 892 2030; baseline -0.003 -11"><span class='ocrx_word' id='word_1_132' title='bbox 189 1979 213 2005; x_wconf 83' lang='grc'>*</span> <span class='ocrx_word' id='word_1_133' title='bbox 233 1983 278 2019; x_wconf 91' lang='grc' dir='ltr'>θῖ</span> <span class='ocrx_word' id='word_1_134' title='bbox 297 1978 443 2019; x_wconf 72' lang='lat' dir='ltr'>Omnia</span> <span class='ocrx_word' id='word_1_135' title='bbox 463 1980 599 2030; x_wconf 71' lang='lat' dir='ltr'>Opera</span> <span class='ocrx_word' id='word_1_136' title='bbox 619 1979 708 2029; x_wconf 88' lang='lat' dir='ltr'>ejus</span> <span class='ocrx_word' id='word_1_137' title='bbox 729 1978 773 2018; x_wconf 93' lang='lat' dir='ltr'>in</span> <span class='ocrx_word' id='word_1_138' title='bbox 792 1977 892 2018; x_wconf 91' lang='lat' dir='ltr'>fide.</span> 
     </span>
     <span class='ocr_line' id='line_1_30' title="bbox 239 2032 1020 2085; baseline 0 -11"><span class='ocrx_word' id='word_1_139' title='bbox 239 2034 394 2085; x_wconf 87' lang='lat' dir='ltr'>Diligit</span> <span class='ocrx_word' id='word_1_140' title='bbox 437 2033 785 2075; x_wconf 70' lang='lat' dir='ltr'>misericardiam</span> <span class='ocrx_word' id='word_1_141' title='bbox 831 2038 875 2074; x_wconf 92' lang='lat' dir='ltr'>et</span> <span class='ocrx_word' id='word_1_142' title='bbox 915 2032 1020 2084; x_wconf 89' lang='lat' dir='ltr'>judi-</span> 
     </span>
     <span class='ocr_line' id='line_1_31' title="bbox 189 2088 1021 2141; baseline -0.001 -10"><span class='ocrx_word' id='word_1_143' title='bbox 189 2090 323 2132; x_wconf 90' lang='lat' dir='ltr'>cium:</span> <span class='ocrx_word' id='word_1_144' title='bbox 341 2091 365 2116; x_wconf 87' lang='lat'>*</span> <span class='ocrx_word' id='word_1_145' title='bbox 383 2089 684 2131; x_wconf 65' lang='lat' dir='ltr'>misericordia</span> <span class='ocrx_word' id='word_1_146' title='bbox 698 2089 875 2130; x_wconf 70' lang='lat' dir='ltr'>Domini</span> <span class='ocrx_word' id='word_1_147' title='bbox 890 2088 1021 2141; x_wconf 89' lang='lat' dir='ltr'>plena</span> 
     </span>
     <span class='ocr_line' id='line_1_32' title="bbox 191 2150 405 2188; baseline -0.005 -1"><span class='ocrx_word' id='word_1_148' title='bbox 191 2150 258 2187; x_wconf 86' lang='lat' dir='ltr'>est</span> <span class='ocrx_word' id='word_1_149' title='bbox 276 2150 405 2188; x_wconf 87' lang='lat' dir='ltr'>terra.</span> 
     </span>
    </p>
   </div>
   <div class='ocr_carea' id='block_1_9' title="bbox 190 2201 1022 2810">
    <p class='ocr_par' dir='ltr' id='par_1_11' title="bbox 190 2201 1020 2354">
     <span class='ocr_line' id='line_1_33' title="bbox 241 2201 1020 2244; baseline -0.001 -1"><span class='ocrx_word' id='word_1_150' title='bbox 241 2201 394 2244; x_wconf 89' lang='lat' dir='ltr'>Verbo</span> <span class='ocrx_word' id='word_1_151' title='bbox 413 2202 591 2243; x_wconf 67' lang='lat' dir='ltr'>Domini</span> <span class='ocrx_word' id='word_1_152' title='bbox 611 2201 712 2243; x_wconf 89' lang='lat' dir='ltr'>coeli</span> <span class='ocrx_word' id='word_1_153' title='bbox 730 2202 891 2242; x_wconf 89' lang='lat' dir='ltr'>firmati</span> <span class='ocrx_word' id='word_1_154' title='bbox 906 2206 1020 2242; x_wconf 91' lang='lat' dir='ltr'>sunt:</span> 
     </span>
     <span class='ocr_line' id='line_1_34' title="bbox 190 2257 1020 2310; baseline -0.002 -11"><span class='ocrx_word' id='word_1_155' title='bbox 190 2257 214 2283; x_wconf 87' lang='lat'>*</span> <span class='ocrx_word' id='word_1_156' title='bbox 242 2262 286 2299; x_wconf 87' lang='lat' dir='ltr'>et</span> <span class='ocrx_word' id='word_1_157' title='bbox 313 2258 468 2310; x_wconf 89' lang='lat' dir='ltr'>spiritu</span> <span class='ocrx_word' id='word_1_158' title='bbox 497 2258 586 2299; x_wconf 90' lang='lat' dir='ltr'>oris</span> <span class='ocrx_word' id='word_1_159' title='bbox 610 2259 700 2309; x_wconf 87' lang='lat' dir='ltr'>ejus</span> <span class='ocrx_word' id='word_1_160' title='bbox 723 2258 863 2299; x_wconf 90' lang='lat' dir='ltr'>omnis</span> <span class='ocrx_word' id='word_1_161' title='bbox 883 2258 1020 2298; x_wconf 92' lang='lat' dir='ltr'>virtus</span> 
     </span>
     <span class='ocr_line' id='line_1_35' title="bbox 190 2315 353 2354; baseline -0.006 0"><span class='ocrx_word' id='word_1_162' title='bbox 190 2315 353 2354; x_wconf 69' lang='lat' dir='ltr'>earum.</span> 
     </span>
    </p>

    <p class='ocr_par' dir='ltr' id='par_1_12' title="bbox 190 2369 1021 2521">
     <span class='ocr_line' id='line_1_36' title="bbox 245 2369 1021 2422; baseline 0.001 -12"><span class='ocrx_word' id='word_1_163' title='bbox 245 2369 526 2420; x_wconf 70' lang='lat' dir='ltr'>Gangregans</span> <span class='ocrx_word' id='word_1_164' title='bbox 554 2371 666 2411; x_wconf 91' lang='lat' dir='ltr'>sicut</span> <span class='ocrx_word' id='word_1_165' title='bbox 692 2370 736 2410; x_wconf 91' lang='lat' dir='ltr'>in</span> <span class='ocrx_word' id='word_1_166' title='bbox 763 2374 860 2411; x_wconf 91' lang='lat' dir='ltr'>utre</span> <span class='ocrx_word' id='word_1_167' title='bbox 884 2383 1021 2422; x_wconf 88' lang='lat' dir='ltr'>aquas</span> 
     </span>
     <span class='ocr_line' id='line_1_37' title="bbox 190 2425 1020 2478; baseline 0.001 -13"><span class='ocrx_word' id='word_1_168' title='bbox 190 2425 341 2466; x_wconf 87' lang='lat' dir='ltr'>maris:</span> <span class='ocrx_word' id='word_1_169' title='bbox 360 2426 383 2451; x_wconf 88' lang='lat'>*</span> <span class='ocrx_word' id='word_1_170' title='bbox 402 2438 571 2478; x_wconf 89' lang='lat' dir='ltr'>ponens</span> <span class='ocrx_word' id='word_1_171' title='bbox 596 2427 640 2466; x_wconf 93' lang='lat' dir='ltr'>in</span> <span class='ocrx_word' id='word_1_172' title='bbox 659 2426 876 2467; x_wconf 76' lang='lat' dir='ltr'>thesal&#39;iris</span> <span class='ocrx_word' id='word_1_173' title='bbox 896 2425 1020 2477; x_wconf 70' lang='lat' dir='ltr'>abys-</span> 
     </span>
     <span class='ocr_line' id='line_1_38' title="bbox 193 2493 277 2521; baseline 0 -1"><span class='ocrx_word' id='word_1_174' title='bbox 193 2493 277 2521; x_wconf 89' lang='lat' dir='ltr'>sos.</span> 
     </span>
    </p>

    <p class='ocr_par' dir='ltr' id='par_1_13' title="bbox 191 2536 1021 2690">
     <span class='ocr_line' id='line_1_39' title="bbox 242 2536 1021 2579; baseline 0.001 -3"><span class='ocrx_word' id='word_1_175' title='bbox 242 2536 416 2578; x_wconf 85' lang='lat' dir='ltr'>Timeat</span> <span class='ocrx_word' id='word_1_176' title='bbox 429 2537 666 2579; x_wconf 83' lang='lat' dir='ltr'>D6minum</span> <span class='ocrx_word' id='word_1_177' title='bbox 684 2538 823 2579; x_wconf 91' lang='lat' dir='ltr'>omnis</span> <span class='ocrx_word' id='word_1_178' title='bbox 842 2543 978 2578; x_wconf 87' lang='lat' dir='ltr'>terra:</span> <span class='ocrx_word' id='word_1_179' title='bbox 997 2538 1021 2562; x_wconf 85' lang='lat'>*</span> 
     </span>
     <span class='ocr_line' id='line_1_40' title="bbox 191 2591 1020 2635; baseline 0.001 -3"><span class='ocrx_word' id='word_1_180' title='bbox 191 2591 246 2632; x_wconf 91' lang='lat' dir='ltr'>ab</span> <span class='ocrx_word' id='word_1_181' title='bbox 264 2604 317 2633; x_wconf 91' lang='lat' dir='ltr'>eo</span> <span class='ocrx_word' id='word_1_182' title='bbox 333 2597 478 2634; x_wconf 88' lang='lat' dir='ltr'>autem</span> <span class='ocrx_word' id='word_1_183' title='bbox 494 2596 853 2635; x_wconf 86' lang='lat' dir='ltr'>commoveantur</span> <span class='ocrx_word' id='word_1_184' title='bbox 869 2606 1020 2634; x_wconf 91' lang='lat' dir='ltr'>omnes</span> 
     </span>
     <span class='ocr_line' id='line_1_41' title="bbox 191 2646 667 2690; baseline 0.006 -3"><span class='ocrx_word' id='word_1_185' title='bbox 191 2646 483 2689; x_wconf 77' lang='lat' dir='ltr'>inhabitantes</span> <span class='ocrx_word' id='word_1_186' title='bbox 503 2649 667 2690; x_wconf 88' lang='lat' dir='ltr'>orbem.</span> 
     </span>
    </p>

    <p class='ocr_par' dir='ltr' id='par_1_14' title="bbox 191 2703 1022 2810">
     <span class='ocr_line' id='line_1_42' title="bbox 245 2703 1022 2756; baseline 0.001 -13"><span class='ocrx_word' id='word_1_187' title='bbox 245 2703 461 2752; x_wconf 82' lang='lat' dir='ltr'>Qu6niam</span> <span class='ocrx_word' id='word_1_188' title='bbox 474 2704 569 2756; x_wconf 91' lang='lat' dir='ltr'>ipse</span> <span class='ocrx_word' id='word_1_189' title='bbox 585 2705 704 2755; x_wconf 84' lang='lat' dir='ltr'>dixit,</span> <span class='ocrx_word' id='word_1_190' title='bbox 721 2710 765 2746; x_wconf 90' lang='lat' dir='ltr'>et</span> <span class='ocrx_word' id='word_1_191' title='bbox 775 2706 890 2746; x_wconf 87' lang='lat' dir='ltr'>facta</span> <span class='ocrx_word' id='word_1_192' title='bbox 907 2710 1022 2746; x_wconf 84' lang='lat' dir='ltr'>sunt:</span> 
     </span>
     <span class='ocr_line' id='line_1_43' title="bbox 191 2758 942 2810; baseline 0.005 -12"><span class='ocrx_word' id='word_1_193' title='bbox 191 2759 214 2784; x_wconf 86' lang='lat'>*</span> <span class='ocrx_word' id='word_1_194' title='bbox 234 2759 328 2810; x_wconf 87' lang='lat' dir='ltr'>ipse</span> <span class='ocrx_word' id='word_1_195' title='bbox 346 2758 581 2810; x_wconf 87' lang='lat' dir='ltr'>mandavit,</span> <span class='ocrx_word' id='word_1_196' title='bbox 602 2765 645 2801; x_wconf 86' lang='lat' dir='ltr'>et</span> <span class='ocrx_word' id='word_1_197' title='bbox 664 2763 812 2802; x_wconf 90' lang='lat' dir='ltr'>creata</span> <span class='ocrx_word' id='word_1_198' title='bbox 832 2766 942 2802; x_wconf 89' lang='lat' dir='ltr'>sunt.</span> 
     </span>
    </p>
   </div>
   <div class='ocr_carea' id='block_1_10' title="bbox 1074 346 1911 2814">
    <p class='ocr_par' dir='ltr' id='par_1_15' title="bbox 1076 346 1908 571">
     <span class='ocr_line' id='line_1_44' title="bbox 1128 346 1908 403; baseline 0 -13"><span class='ocrx_word' id='word_1_199' title='bbox 1128 350 1343 391; x_wconf 68' lang='lat' dir='ltr'>Daminus</span> <span class='ocrx_word' id='word_1_200' title='bbox 1372 350 1557 403; x_wconf 88' lang='lat' dir='ltr'>dissipat</span> <span class='ocrx_word' id='word_1_201' title='bbox 1587 346 1767 392; x_wconf 80' lang='lat' dir='ltr'>cc&#39;msilia</span> <span class='ocrx_word' id='word_1_202' title='bbox 1796 351 1908 392; x_wconf 81' lang='lat' dir='ltr'>Gen-</span> 
     </span>
     <span class='ocr_line' id='line_1_45' title="bbox 1076 406 1907 458; baseline -0.001 -11"><span class='ocrx_word' id='word_1_203' title='bbox 1076 406 1198 447; x_wconf 89' lang='lat' dir='ltr'>tium:</span> <span class='ocrx_word' id='word_1_204' title='bbox 1209 406 1233 431; x_wconf 90' lang='lat'>*</span> <span class='ocrx_word' id='word_1_205' title='bbox 1244 406 1454 458; x_wconf 82' lang='lat' dir='ltr'>reprobat</span> <span class='ocrx_word' id='word_1_206' title='bbox 1465 411 1610 447; x_wconf 87' lang='lat' dir='ltr'>autem</span> <span class='ocrx_word' id='word_1_207' title='bbox 1619 407 1907 457; x_wconf 67' lang='lat' dir='ltr'>cogitatianes</span> 
     </span>
     <span class='ocr_line' id='line_1_46' title="bbox 1076 461 1908 515; baseline 0.001 -13"><span class='ocrx_word' id='word_1_208' title='bbox 1076 461 1361 514; x_wconf 68' lang='lat' dir='ltr'>popularum,</span> <span class='ocrx_word' id='word_1_209' title='bbox 1403 468 1446 503; x_wconf 91' lang='grc' dir='ltr'>θῖ</span> <span class='ocrx_word' id='word_1_210' title='bbox 1482 463 1692 515; x_wconf 76' lang='lat' dir='ltr'>reprobat</span> <span class='ocrx_word' id='word_1_211' title='bbox 1728 463 1908 504; x_wconf 79' lang='lat' dir='ltr'>consilia</span> 
     </span>
     <span class='ocr_line' id='line_1_47' title="bbox 1077 519 1334 571; baseline 0 -13"><span class='ocrx_word' id='word_1_212' title='bbox 1077 519 1334 571; x_wconf 85' lang='lat' dir='ltr'>principum.</span> 
     </span>
    </p>

    <p class='ocr_par' dir='ltr' id='par_1_16' title="bbox 1077 574 1908 784">
     <span class='ocr_line' id='line_1_48' title="bbox 1131 574 1907 617; baseline 0.003 -2"><span class='ocrx_word' id='word_1_213' title='bbox 1131 574 1370 616; x_wconf 84' lang='lat' dir='ltr'>Consilium</span> <span class='ocrx_word' id='word_1_214' title='bbox 1382 579 1527 615; x_wconf 86' lang='lat' dir='ltr'>autem</span> <span class='ocrx_word' id='word_1_215' title='bbox 1537 575 1714 616; x_wconf 69' lang='lat' dir='ltr'>Damini</span> <span class='ocrx_word' id='word_1_216' title='bbox 1728 576 1770 615; x_wconf 90' lang='lat' dir='ltr'>in</span> <span class='ocrx_word' id='word_1_217' title='bbox 1785 577 1907 617; x_wconf 77' lang='lat' dir='ltr'>aeter-</span> 
     </span>
     <span class='ocr_line' id='line_1_49' title="bbox 1077 631 1908 681; baseline 0.001 -10"><span class='ocrx_word' id='word_1_218' title='bbox 1077 644 1180 672; x_wconf 91' lang='lat' dir='ltr'>num</span> <span class='ocrx_word' id='word_1_219' title='bbox 1208 635 1373 671; x_wconf 89' lang='lat' dir='ltr'>manet:</span> <span class='ocrx_word' id='word_1_220' title='bbox 1402 631 1425 655; x_wconf 88' lang='lat'>*</span> <span class='ocrx_word' id='word_1_221' title='bbox 1454 632 1741 681; x_wconf 66' lang='lat' dir='ltr'>cogitatianes</span> <span class='ocrx_word' id='word_1_222' title='bbox 1762 631 1908 672; x_wconf 89' lang='lat' dir='ltr'>cordis</span> 
     </span>
     <span class='ocr_line' id='line_1_50' title="bbox 1078 687 1908 738; baseline 0 -10"><span class='ocrx_word' id='word_1_223' title='bbox 1078 688 1168 738; x_wconf 86' lang='lat' dir='ltr'>ejus</span> <span class='ocrx_word' id='word_1_224' title='bbox 1196 687 1240 727; x_wconf 91' lang='lat' dir='ltr'>in</span> <span class='ocrx_word' id='word_1_225' title='bbox 1272 687 1554 737; x_wconf 71' lang='lat' dir='ltr'>generaticne</span> <span class='ocrx_word' id='word_1_226' title='bbox 1589 692 1632 728; x_wconf 93' lang='lat' dir='ltr'>et</span> <span class='ocrx_word' id='word_1_227' title='bbox 1668 688 1908 737; x_wconf 70' lang='lat' dir='ltr'>generatio-</span> 
     </span>
     <span class='ocr_line' id='line_1_51' title="bbox 1077 756 1187 784; baseline 0 -1"><span class='ocrx_word' id='word_1_228' title='bbox 1077 756 1187 784; x_wconf 91' lang='lat' dir='ltr'>nem.</span> 
     </span>
    </p>

    <p class='ocr_par' dir='ltr' id='par_1_17' title="bbox 1077 800 1910 952">
     <span class='ocr_line' id='line_1_52' title="bbox 1129 800 1908 850; baseline 0 -10"><span class='ocrx_word' id='word_1_229' title='bbox 1129 800 1268 840; x_wconf 89' lang='lat' dir='ltr'>Beata</span> <span class='ocrx_word' id='word_1_230' title='bbox 1296 812 1419 849; x_wconf 88' lang='lat' dir='ltr'>gens,</span> <span class='ocrx_word' id='word_1_231' title='bbox 1449 800 1568 850; x_wconf 83' lang='lat' dir='ltr'>cujus</span> <span class='ocrx_word' id='word_1_232' title='bbox 1594 804 1660 840; x_wconf 90' lang='lat' dir='ltr'>est</span> <span class='ocrx_word' id='word_1_233' title='bbox 1684 800 1908 850; x_wconf 64' lang='lat' dir='ltr'>Daminus,</span> 
     </span>
     <span class='ocr_line' id='line_1_53' title="bbox 1077 855 1910 907; baseline 0.001 -11"><span class='ocrx_word' id='word_1_234' title='bbox 1077 856 1198 896; x_wconf 88' lang='lat' dir='ltr'>Deus</span> <span class='ocrx_word' id='word_1_235' title='bbox 1219 856 1328 907; x_wconf 87' lang='lat' dir='ltr'>ejus:</span> <span class='ocrx_word' id='word_1_236' title='bbox 1353 856 1377 881; x_wconf 89' lang='lat'>*</span> <span class='ocrx_word' id='word_1_237' title='bbox 1401 855 1604 907; x_wconf 77' lang='lat' dir='ltr'>p6pulus,</span> <span class='ocrx_word' id='word_1_238' title='bbox 1630 869 1759 907; x_wconf 86' lang='lat' dir='ltr'>quem</span> <span class='ocrx_word' id='word_1_239' title='bbox 1780 856 1910 906; x_wconf 78' lang='lat' dir='ltr'>elegit</span> 
     </span>
     <span class='ocr_line' id='line_1_54' title="bbox 1078 911 1559 952; baseline 0 0"><span class='ocrx_word' id='word_1_240' title='bbox 1078 912 1121 951; x_wconf 90' lang='lat' dir='ltr'>in</span> <span class='ocrx_word' id='word_1_241' title='bbox 1141 911 1446 952; x_wconf 80' lang='lat' dir='ltr'>haereditatem</span> <span class='ocrx_word' id='word_1_242' title='bbox 1467 911 1559 952; x_wconf 88' lang='lat' dir='ltr'>sibi.</span> 
     </span>
    </p>

    <p class='ocr_par' dir='ltr' id='par_1_18' title="bbox 1078 967 1909 1065">
     <span class='ocr_line' id='line_1_55' title="bbox 1129 967 1909 1020; baseline 0 -12"><span class='ocrx_word' id='word_1_243' title='bbox 1129 968 1198 1009; x_wconf 93' lang='lat' dir='ltr'>De</span> <span class='ocrx_word' id='word_1_244' title='bbox 1218 967 1333 1009; x_wconf 88' lang='lat' dir='ltr'>coelo</span> <span class='ocrx_word' id='word_1_245' title='bbox 1354 968 1547 1020; x_wconf 80' lang='lat' dir='ltr'>respexit</span> <span class='ocrx_word' id='word_1_246' title='bbox 1564 968 1798 1008; x_wconf 66' lang='lat' dir='ltr'>Daminus:</span> <span class='ocrx_word' id='word_1_247' title='bbox 1813 969 1835 993; x_wconf 85' lang='lat'>*</span> <span class='ocrx_word' id='word_1_248' title='bbox 1851 969 1909 1009; x_wconf 90' lang='lat' dir='ltr'>vi-</span> 
     </span>
     <span class='ocr_line' id='line_1_56' title="bbox 1078 1023 1702 1065; baseline -0.002 -1"><span class='ocrx_word' id='word_1_249' title='bbox 1078 1024 1142 1065; x_wconf 90' lang='lat' dir='ltr'>dit</span> <span class='ocrx_word' id='word_1_250' title='bbox 1162 1037 1314 1065; x_wconf 91' lang='lat' dir='ltr'>omnes</span> <span class='ocrx_word' id='word_1_251' title='bbox 1333 1023 1447 1064; x_wconf 84' lang='lat' dir='ltr'>filios</span> <span class='ocrx_word' id='word_1_252' title='bbox 1467 1023 1702 1064; x_wconf 61' lang='lat' dir='ltr'>hominum.</span> 
     </span>
    </p>

    <p class='ocr_par' dir='ltr' id='par_1_19' title="bbox 1130 1079 1909 1132">
     <span class='ocr_line' id='line_1_57' title="bbox 1130 1079 1909 1132; baseline 0.001 -12"><span class='ocrx_word' id='word_1_253' title='bbox 1130 1080 1198 1121; x_wconf 91' lang='lat' dir='ltr'>De</span> <span class='ocrx_word' id='word_1_254' title='bbox 1226 1082 1477 1132; x_wconf 83' lang='lat' dir='ltr'>praeparato</span> <span class='ocrx_word' id='word_1_255' title='bbox 1505 1079 1755 1121; x_wconf 87' lang='lat' dir='ltr'>habitaculo</span> <span class='ocrx_word' id='word_1_256' title='bbox 1782 1093 1861 1121; x_wconf 89' lang='lat' dir='ltr'>suo</span> <span class='ocrx_word' id='word_1_257' title='bbox 1887 1081 1909 1106; x_wconf 91' lang='lat'>*</span> 
     </span>
    </p>

    <p class='ocr_par' dir='ltr' id='par_1_20' title="bbox 1076 1136 1911 1515">
     <span class='ocr_line' id='line_1_58' title="bbox 1078 1136 1911 1189; baseline 0.001 -13"><span class='ocrx_word' id='word_1_258' title='bbox 1078 1137 1271 1189; x_wconf 74' lang='lat' dir='ltr'>respexit</span> <span class='ocrx_word' id='word_1_259' title='bbox 1287 1149 1419 1188; x_wconf 91' lang='lat' dir='ltr'>super</span> <span class='ocrx_word' id='word_1_260' title='bbox 1440 1149 1602 1186; x_wconf 85' lang='lat' dir='ltr'>omnes,</span> <span class='ocrx_word' id='word_1_261' title='bbox 1624 1136 1697 1188; x_wconf 92' lang='lat' dir='ltr'>qui</span> <span class='ocrx_word' id='word_1_262' title='bbox 1713 1136 1911 1177; x_wconf 87' lang='lat' dir='ltr'>habitant</span> 
     </span>
     <span class='ocr_line' id='line_1_59' title="bbox 1078 1198 1251 1234; baseline -0.012 0"><span class='ocrx_word' id='word_1_263' title='bbox 1078 1198 1251 1234; x_wconf 84' lang='lat' dir='ltr'>terram.</span> 
     </span>
     <span class='ocr_line' id='line_1_60' title="bbox 1130 1248 1909 1299; baseline -0.001 -10"><span class='ocrx_word' id='word_1_264' title='bbox 1130 1249 1213 1299; x_wconf 90' lang='lat' dir='ltr'>Qui</span> <span class='ocrx_word' id='word_1_265' title='bbox 1224 1249 1349 1289; x_wconf 92' lang='lat' dir='ltr'>finxit</span> <span class='ocrx_word' id='word_1_266' title='bbox 1361 1248 1581 1298; x_wconf 77' lang='lat' dir='ltr'>sigillatim</span> <span class='ocrx_word' id='word_1_267' title='bbox 1593 1248 1728 1289; x_wconf 92' lang='lat' dir='ltr'>corda</span> <span class='ocrx_word' id='word_1_268' title='bbox 1742 1250 1909 1289; x_wconf 66' lang='lat' dir='ltr'>earum:</span> 
     </span>
     <span class='ocr_line' id='line_1_61' title="bbox 1122 1304 1908 1357; baseline -0.003 -11"><span class='ocrx_word' id='word_1_269' title='bbox 1122 1306 1194 1357; x_wconf 89' lang='lat' dir='ltr'>qui</span> <span class='ocrx_word' id='word_1_270' title='bbox 1213 1304 1415 1355; x_wconf 80' lang='lat' dir='ltr'>intelligit</span> <span class='ocrx_word' id='word_1_271' title='bbox 1433 1305 1577 1345; x_wconf 70' lang='lat' dir='ltr'>Omnia</span> <span class='ocrx_word' id='word_1_272' title='bbox 1594 1306 1730 1356; x_wconf 72' lang='lat' dir='ltr'>Opera</span> <span class='ocrx_word' id='word_1_273' title='bbox 1746 1307 1908 1345; x_wconf 66' lang='lat' dir='ltr'>earum.</span> 
     </span>
     <span class='ocr_line' id='line_1_62' title="bbox 1129 1360 1908 1412; baseline -0.003 -10"><span class='ocrx_word' id='word_1_274' title='bbox 1129 1362 1230 1402; x_wconf 90' lang='lat' dir='ltr'>Non</span> <span class='ocrx_word' id='word_1_275' title='bbox 1269 1361 1462 1402; x_wconf 86' lang='lat' dir='ltr'>salvatur</span> <span class='ocrx_word' id='word_1_276' title='bbox 1501 1373 1578 1401; x_wconf 89' lang='lat' dir='ltr'>rex</span> <span class='ocrx_word' id='word_1_277' title='bbox 1615 1374 1695 1412; x_wconf 91' lang='lat' dir='ltr'>per</span> <span class='ocrx_word' id='word_1_278' title='bbox 1728 1360 1908 1401; x_wconf 90' lang='lat' dir='ltr'>multam</span> 
     </span>
     <span class='ocr_line' id='line_1_63' title="bbox 1077 1416 1909 1467; baseline -0.002 -9"><span class='ocrx_word' id='word_1_279' title='bbox 1077 1418 1302 1458; x_wconf 70' lang='lat' dir='ltr'>virtatem:</span> <span class='ocrx_word' id='word_1_280' title='bbox 1322 1418 1345 1442; x_wconf 89' lang='lat'>*</span> <span class='ocrx_word' id='word_1_281' title='bbox 1366 1422 1409 1458; x_wconf 93' lang='lat' dir='ltr'>et</span> <span class='ocrx_word' id='word_1_282' title='bbox 1426 1417 1548 1467; x_wconf 85' lang='lat' dir='ltr'>gigas</span> <span class='ocrx_word' id='word_1_283' title='bbox 1566 1430 1653 1457; x_wconf 89' lang='lat' dir='ltr'>non</span> <span class='ocrx_word' id='word_1_284' title='bbox 1669 1416 1909 1457; x_wconf 86' lang='lat' dir='ltr'>salvabitur</span> 
     </span>
     <span class='ocr_line' id='line_1_64' title="bbox 1076 1473 1731 1515; baseline -0.002 -1"><span class='ocrx_word' id='word_1_285' title='bbox 1076 1474 1119 1514; x_wconf 90' lang='lat' dir='ltr'>in</span> <span class='ocrx_word' id='word_1_286' title='bbox 1138 1473 1416 1515; x_wconf 77' lang='lat' dir='ltr'>multitudine</span> <span class='ocrx_word' id='word_1_287' title='bbox 1436 1474 1608 1514; x_wconf 80' lang='lat' dir='ltr'>virtutis</span> <span class='ocrx_word' id='word_1_288' title='bbox 1629 1485 1731 1513; x_wconf 87' lang='lat' dir='ltr'>suae.</span> 
     </span>
    </p>

    <p class='ocr_par' dir='ltr' id='par_1_21' title="bbox 1075 1529 1908 1683">
     <span class='ocr_line' id='line_1_65' title="bbox 1127 1529 1908 1581; baseline -0.003 -11"><span class='ocrx_word' id='word_1_289' title='bbox 1127 1530 1280 1571; x_wconf 89' lang='lat' dir='ltr'>Fallax</span> <span class='ocrx_word' id='word_1_290' title='bbox 1313 1543 1451 1581; x_wconf 87' lang='lat' dir='ltr'>equus</span> <span class='ocrx_word' id='word_1_291' title='bbox 1483 1529 1539 1570; x_wconf 87' lang='lat' dir='ltr'>ad</span> <span class='ocrx_word' id='word_1_292' title='bbox 1573 1529 1778 1570; x_wconf 82' lang='lat' dir='ltr'>salutem:</span> <span class='ocrx_word' id='word_1_293' title='bbox 1811 1529 1833 1554; x_wconf 85' lang='lat'>*</span> <span class='ocrx_word' id='word_1_294' title='bbox 1865 1529 1908 1568; x_wconf 91' lang='lat' dir='ltr'>in</span> 
     </span>
     <span class='ocr_line' id='line_1_66' title="bbox 1075 1586 1907 1627; baseline -0.004 0"><span class='ocrx_word' id='word_1_295' title='bbox 1075 1586 1343 1627; x_wconf 90' lang='lat' dir='ltr'>abundantia</span> <span class='ocrx_word' id='word_1_296' title='bbox 1359 1591 1505 1627; x_wconf 89' lang='lat' dir='ltr'>autem</span> <span class='ocrx_word' id='word_1_297' title='bbox 1519 1586 1692 1627; x_wconf 83' lang='lat' dir='ltr'>virtutis</span> <span class='ocrx_word' id='word_1_298' title='bbox 1713 1598 1804 1626; x_wconf 87' lang='lat' dir='ltr'>suae</span> <span class='ocrx_word' id='word_1_299' title='bbox 1819 1597 1907 1625; x_wconf 91' lang='lat' dir='ltr'>non</span> 
     </span>
     <span class='ocr_line' id='line_1_67' title="bbox 1077 1642 1327 1683; baseline 0.004 -1"><span class='ocrx_word' id='word_1_300' title='bbox 1077 1642 1327 1683; x_wconf 86' lang='lat' dir='ltr'>salvabitur.</span> 
     </span>
    </p>

    <p class='ocr_par' dir='ltr' id='par_1_22' title="bbox 1074 1698 1907 1862">
     <span class='ocr_line' id='line_1_68' title="bbox 1127 1698 1907 1750; baseline -0.003 -11"><span class='ocrx_word' id='word_1_301' title='bbox 1127 1699 1243 1739; x_wconf 88' lang='lat' dir='ltr'>Ecce</span> <span class='ocrx_word' id='word_1_302' title='bbox 1260 1698 1374 1739; x_wconf 71' lang='lat' dir='ltr'>Oculi</span> <span class='ocrx_word' id='word_1_303' title='bbox 1384 1699 1562 1739; x_wconf 69' lang='lat' dir='ltr'>Damini</span> <span class='ocrx_word' id='word_1_304' title='bbox 1573 1711 1705 1750; x_wconf 91' lang='lat' dir='ltr'>super</span> <span class='ocrx_word' id='word_1_305' title='bbox 1715 1699 1907 1738; x_wconf 83' lang='lat' dir='ltr'>metuen-</span> 
     </span>
     <span class='ocr_line' id='line_1_69' title="bbox 1074 1754 1907 1806; baseline -0.002 -11"><span class='ocrx_word' id='word_1_306' title='bbox 1074 1759 1141 1795; x_wconf 90' lang='lat' dir='ltr'>tes</span> <span class='ocrx_word' id='word_1_307' title='bbox 1170 1767 1287 1795; x_wconf 88' lang='lat' dir='ltr'>eum:</span> <span class='ocrx_word' id='word_1_308' title='bbox 1320 1755 1343 1780; x_wconf 90' lang='lat'>*</span> <span class='ocrx_word' id='word_1_309' title='bbox 1373 1759 1417 1795; x_wconf 91' lang='lat' dir='ltr'>et</span> <span class='ocrx_word' id='word_1_310' title='bbox 1443 1755 1487 1794; x_wconf 92' lang='lat' dir='ltr'>in</span> <span class='ocrx_word' id='word_1_311' title='bbox 1513 1755 1591 1803; x_wconf 91' lang='lat' dir='ltr'>eis,</span> <span class='ocrx_word' id='word_1_312' title='bbox 1627 1754 1700 1806; x_wconf 91' lang='lat' dir='ltr'>qui</span> <span class='ocrx_word' id='word_1_313' title='bbox 1728 1758 1907 1805; x_wconf 88' lang='lat' dir='ltr'>sperant</span> 
     </span>
     <span class='ocr_line' id='line_1_70' title="bbox 1075 1810 1658 1862; baseline 0 -12"><span class='ocrx_word' id='word_1_314' title='bbox 1075 1823 1208 1862; x_wconf 90' lang='lat' dir='ltr'>super</span> <span class='ocrx_word' id='word_1_315' title='bbox 1227 1810 1529 1851; x_wconf 68' lang='lat' dir='ltr'>misericardia</span> <span class='ocrx_word' id='word_1_316' title='bbox 1549 1811 1658 1861; x_wconf 85' lang='lat' dir='ltr'>ejus:</span> 
     </span>
    </p>

    <p class='ocr_par' dir='ltr' id='par_1_23' title="bbox 1075 1866 1906 1962">
     <span class='ocr_line' id='line_1_71' title="bbox 1126 1866 1906 1907; baseline -0.004 0"><span class='ocrx_word' id='word_1_317' title='bbox 1126 1866 1186 1907; x_wconf 87' lang='lat' dir='ltr'>Ut</span> <span class='ocrx_word' id='word_1_318' title='bbox 1205 1868 1329 1907; x_wconf 83' lang='lat' dir='ltr'>eruat</span> <span class='ocrx_word' id='word_1_319' title='bbox 1349 1879 1373 1906; x_wconf 93' lang='lat' dir='ltr'>a</span> <span class='ocrx_word' id='word_1_320' title='bbox 1389 1871 1531 1907; x_wconf 91' lang='lat' dir='ltr'>morte</span> <span class='ocrx_word' id='word_1_321' title='bbox 1552 1866 1718 1906; x_wconf 88' lang='lat' dir='ltr'>animas</span> <span class='ocrx_word' id='word_1_322' title='bbox 1738 1867 1906 1906; x_wconf 67' lang='lat' dir='ltr'>earum:</span> 
     </span>
     <span class='ocr_line' id='line_1_72' title="bbox 1075 1921 1573 1962; baseline 0 0"><span class='ocrx_word' id='word_1_323' title='bbox 1075 1922 1098 1946; x_wconf 89' lang='lat'>*</span> <span class='ocrx_word' id='word_1_324' title='bbox 1119 1926 1162 1962; x_wconf 90' lang='lat' dir='ltr'>et</span> <span class='ocrx_word' id='word_1_325' title='bbox 1182 1921 1270 1962; x_wconf 89' lang='lat' dir='ltr'>alat</span> <span class='ocrx_word' id='word_1_326' title='bbox 1290 1934 1366 1962; x_wconf 90' lang='lat' dir='ltr'>eos</span> <span class='ocrx_word' id='word_1_327' title='bbox 1385 1922 1429 1962; x_wconf 92' lang='lat' dir='ltr'>in</span> <span class='ocrx_word' id='word_1_328' title='bbox 1448 1922 1573 1962; x_wconf 89' lang='lat' dir='ltr'>fame.</span> 
     </span>
    </p>

    <p class='ocr_par' dir='ltr' id='par_1_24' title="bbox 1074 1977 1906 2130">
     <span class='ocr_line' id='line_1_73' title="bbox 1126 1977 1906 2018; baseline 0.001 -1"><span class='ocrx_word' id='word_1_329' title='bbox 1126 1977 1287 2017; x_wconf 89' lang='lat' dir='ltr'>Anima</span> <span class='ocrx_word' id='word_1_330' title='bbox 1333 1982 1484 2018; x_wconf 88' lang='lat' dir='ltr'>nostra</span> <span class='ocrx_word' id='word_1_331' title='bbox 1531 1978 1717 2018; x_wconf 73' lang='lat' dir='ltr'>sastinet</span> <span class='ocrx_word' id='word_1_332' title='bbox 1757 1977 1906 2018; x_wconf 69' lang='lat' dir='ltr'>Dami-</span> 
     </span>
     <span class='ocr_line' id='line_1_74' title="bbox 1075 2033 1906 2085; baseline 0.001 -12"><span class='ocrx_word' id='word_1_333' title='bbox 1075 2046 1194 2074; x_wconf 91' lang='lat' dir='ltr'>num:</span> <span class='ocrx_word' id='word_1_334' title='bbox 1221 2034 1245 2058; x_wconf 86' lang='lat'>*</span> <span class='ocrx_word' id='word_1_335' title='bbox 1275 2034 1480 2085; x_wconf 84' lang='lat' dir='ltr'>qu6niam</span> <span class='ocrx_word' id='word_1_336' title='bbox 1518 2033 1690 2085; x_wconf 72' lang='lat' dir='ltr'>adjator</span> <span class='ocrx_word' id='word_1_337' title='bbox 1728 2039 1772 2074; x_wconf 92' lang='lat' dir='ltr'>et</span> <span class='ocrx_word' id='word_1_338' title='bbox 1807 2046 1906 2085; x_wconf 86' lang='lat' dir='ltr'>pro-</span> 
     </span>
     <span class='ocr_line' id='line_1_75' title="bbox 1074 2091 1481 2130; baseline 0 0"><span class='ocrx_word' id='word_1_339' title='bbox 1074 2091 1216 2130; x_wconf 81' lang='lat' dir='ltr'>tector</span> <span class='ocrx_word' id='word_1_340' title='bbox 1235 2094 1385 2130; x_wconf 90' lang='lat' dir='ltr'>noster</span> <span class='ocrx_word' id='word_1_341' title='bbox 1405 2094 1481 2130; x_wconf 88' lang='lat' dir='ltr'>est.</span> 
     </span>
    </p>

    <p class='ocr_par' dir='ltr' id='par_1_25' title="bbox 1074 2145 1907 2298">
     <span class='ocr_line' id='line_1_76' title="bbox 1128 2145 1907 2195; baseline 0 -9"><span class='ocrx_word' id='word_1_342' title='bbox 1128 2145 1238 2195; x_wconf 90' lang='lat' dir='ltr'>Quia</span> <span class='ocrx_word' id='word_1_343' title='bbox 1248 2145 1292 2185; x_wconf 92' lang='lat' dir='ltr'>in</span> <span class='ocrx_word' id='word_1_344' title='bbox 1303 2158 1356 2186; x_wconf 90' lang='lat' dir='ltr'>eo</span> <span class='ocrx_word' id='word_1_345' title='bbox 1367 2145 1588 2186; x_wconf 76' lang='lat' dir='ltr'>laetabitur</span> <span class='ocrx_word' id='word_1_346' title='bbox 1605 2158 1681 2186; x_wconf 92' lang='lat' dir='ltr'>cor</span> <span class='ocrx_word' id='word_1_347' title='bbox 1693 2150 1907 2186; x_wconf 89' lang='lat' dir='ltr'>nostrum:</span> 
     </span>
     <span class='ocr_line' id='line_1_77' title="bbox 1074 2201 1906 2253; baseline 0 -11"><span class='ocrx_word' id='word_1_348' title='bbox 1074 2202 1097 2226; x_wconf 88' lang='lat'>*</span> <span class='ocrx_word' id='word_1_349' title='bbox 1118 2206 1162 2242; x_wconf 91' lang='grc' dir='ltr'>θῖ</span> <span class='ocrx_word' id='word_1_350' title='bbox 1188 2201 1232 2241; x_wconf 93' lang='lat' dir='ltr'>in</span> <span class='ocrx_word' id='word_1_351' title='bbox 1260 2202 1436 2242; x_wconf 67' lang='lat' dir='ltr'>namine</span> <span class='ocrx_word' id='word_1_352' title='bbox 1463 2206 1618 2243; x_wconf 88' lang='lat' dir='ltr'>sancto</span> <span class='ocrx_word' id='word_1_353' title='bbox 1644 2202 1734 2252; x_wconf 85' lang='lat' dir='ltr'>ejus</span> <span class='ocrx_word' id='word_1_354' title='bbox 1760 2204 1906 2253; x_wconf 87' lang='lat' dir='ltr'>spera-</span> 
     </span>
     <span class='ocr_line' id='line_1_78' title="bbox 1075 2270 1228 2298; baseline 0.007 -1"><span class='ocrx_word' id='word_1_355' title='bbox 1075 2270 1228 2298; x_wconf 78' lang='lat' dir='ltr'>vlmus.</span> 
     </span>
    </p>

    <p class='ocr_par' dir='ltr' id='par_1_26' title="bbox 1075 2313 1906 2466">
     <span class='ocr_line' id='line_1_79' title="bbox 1127 2313 1906 2355; baseline -0.001 -2"><span class='ocrx_word' id='word_1_356' title='bbox 1127 2313 1225 2354; x_wconf 82' lang='lat' dir='ltr'>Fiat</span> <span class='ocrx_word' id='word_1_357' title='bbox 1265 2313 1567 2355; x_wconf 66' lang='lat' dir='ltr'>misericardia</span> <span class='ocrx_word' id='word_1_358' title='bbox 1608 2318 1683 2354; x_wconf 87' lang='lat' dir='ltr'>tua</span> <span class='ocrx_word' id='word_1_359' title='bbox 1719 2313 1906 2353; x_wconf 72' lang='lat' dir='ltr'>Damine</span> 
     </span>
     <span class='ocr_line' id='line_1_80' title="bbox 1076 2369 1906 2421; baseline -0.001 -12"><span class='ocrx_word' id='word_1_360' title='bbox 1076 2382 1208 2421; x_wconf 88' lang='lat' dir='ltr'>super</span> <span class='ocrx_word' id='word_1_361' title='bbox 1223 2382 1323 2410; x_wconf 91' lang='lat' dir='ltr'>nos:</span> <span class='ocrx_word' id='word_1_362' title='bbox 1337 2370 1360 2395; x_wconf 91' lang='lat'>*</span> <span class='ocrx_word' id='word_1_363' title='bbox 1377 2369 1748 2421; x_wconf 90' lang='lat' dir='ltr'>quemadmodum</span> <span class='ocrx_word' id='word_1_364' title='bbox 1761 2371 1906 2420; x_wconf 87' lang='lat' dir='ltr'>spera-</span> 
     </span>
     <span class='ocr_line' id='line_1_81' title="bbox 1075 2425 1354 2466; baseline 0.007 -2"><span class='ocrx_word' id='word_1_365' title='bbox 1075 2425 1216 2465; x_wconf 90' lang='lat' dir='ltr'>vimus</span> <span class='ocrx_word' id='word_1_366' title='bbox 1234 2425 1280 2465; x_wconf 92' lang='lat' dir='ltr'>in</span> <span class='ocrx_word' id='word_1_367' title='bbox 1300 2430 1354 2466; x_wconf 85' lang='lat' dir='ltr'>te.</span> 
     </span>
    </p>

    <p class='ocr_par' dir='ltr' id='par_1_27' title="bbox 1076 2481 1906 2634">
     <span class='ocr_line' id='line_1_82' title="bbox 1127 2481 1906 2533; baseline -0.001 -11"><span class='ocrx_word' id='word_1_368' title='bbox 1127 2483 1225 2523; x_wconf 84' lang='lat' dir='ltr'>Ant.</span> <span class='ocrx_word' id='word_1_369' title='bbox 1254 2481 1367 2523; x_wconf 87' lang='lat' dir='ltr'>Justi</span> <span class='ocrx_word' id='word_1_370' title='bbox 1395 2486 1541 2523; x_wconf 88' lang='lat' dir='ltr'>autem</span> <span class='ocrx_word' id='word_1_371' title='bbox 1569 2482 1612 2521; x_wconf 90' lang='lat' dir='ltr'>in</span> <span class='ocrx_word' id='word_1_372' title='bbox 1644 2483 1906 2533; x_wconf 83' lang='lat' dir='ltr'>perpetuum</span> 
     </span>
     <span class='ocr_line' id='line_1_83' title="bbox 1076 2537 1906 2590; baseline 0 -14"><span class='ocrx_word' id='word_1_373' title='bbox 1076 2537 1234 2586; x_wconf 86' lang='lat' dir='ltr'>vivent,</span> <span class='ocrx_word' id='word_1_374' title='bbox 1259 2542 1303 2578; x_wconf 88' lang='grc' dir='ltr'>θῖ</span> <span class='ocrx_word' id='word_1_375' title='bbox 1322 2537 1440 2590; x_wconf 88' lang='lat' dir='ltr'>apud</span> <span class='ocrx_word' id='word_1_376' title='bbox 1456 2538 1692 2578; x_wconf 67' lang='lat' dir='ltr'>Daminum</span> <span class='ocrx_word' id='word_1_377' title='bbox 1713 2543 1779 2578; x_wconf 91' lang='lat' dir='ltr'>est</span> <span class='ocrx_word' id='word_1_378' title='bbox 1797 2549 1906 2577; x_wconf 90' lang='lat' dir='ltr'>mer-</span> 
     </span>
     <span class='ocr_line' id='line_1_84' title="bbox 1076 2605 1336 2634; baseline 0.004 -1"><span class='ocrx_word' id='word_1_379' title='bbox 1076 2605 1149 2633; x_wconf 91' lang='lat' dir='ltr'>ces</span> <span class='ocrx_word' id='word_1_380' title='bbox 1173 2606 1336 2634; x_wconf 89' lang='lat' dir='ltr'>eorum.</span> 
     </span>
    </p>

    <p class='ocr_par' dir='ltr' id='par_1_28' title="bbox 1075 2648 1906 2814">
     <span class='ocr_line' id='line_1_85' title="bbox 1127 2648 1906 2701; baseline 0 -13"><span class='ocrx_word' id='word_1_381' title='bbox 1127 2648 1225 2689; x_wconf 88' lang='lat' dir='ltr'>Ant.</span> <span class='ocrx_word' id='word_1_382' title='bbox 1255 2650 1554 2691; x_wconf 79' lang='lat' dir='ltr'>Tradiderunt</span> <span class='ocrx_word' id='word_1_383' title='bbox 1573 2650 1596 2675; x_wconf 86' lang='lat'>*</span> <span class='ocrx_word' id='word_1_384' title='bbox 1617 2651 1805 2701; x_wconf 67' lang='lat' dir='ltr'>carpora</span> <span class='ocrx_word' id='word_1_385' title='bbox 1828 2661 1906 2688; x_wconf 85' lang='lat' dir='ltr'>sua</span> 
     </span>
     <span class='ocr_line' id='line_1_86' title="bbox 1075 2704 1904 2755; baseline -0.002 -9"><span class='ocrx_word' id='word_1_386' title='bbox 1075 2706 1118 2746; x_wconf 90' lang='lat' dir='ltr'>in</span> <span class='ocrx_word' id='word_1_387' title='bbox 1133 2711 1332 2755; x_wconf 87' lang='lat' dir='ltr'>mortem,</span> <span class='ocrx_word' id='word_1_388' title='bbox 1347 2719 1402 2747; x_wconf 92' lang='lat' dir='ltr'>ne</span> <span class='ocrx_word' id='word_1_389' title='bbox 1418 2708 1632 2747; x_wconf 88' lang='lat' dir='ltr'>servirent</span> <span class='ocrx_word' id='word_1_390' title='bbox 1646 2706 1789 2746; x_wconf 65' lang='lat' dir='ltr'>idolis:</span> <span class='ocrx_word' id='word_1_391' title='bbox 1805 2704 1904 2745; x_wconf 82' lang='lat' dir='ltr'>ideo</span> 
     </span>
     <span class='ocr_line' id='line_1_87' title="bbox 1075 2761 1748 2814; baseline -0.003 -11"><span class='ocrx_word' id='word_1_392' title='bbox 1075 2763 1276 2803; x_wconf 88' lang='lat' dir='ltr'>coronati</span> <span class='ocrx_word' id='word_1_393' title='bbox 1297 2761 1526 2814; x_wconf 68' lang='lat' dir='ltr'>passident</span> <span class='ocrx_word' id='word_1_394' title='bbox 1546 2762 1748 2813; x_wconf 88' lang='lat' dir='ltr'>palmam.</span> 
     </span>
    </p>
   </div>
   <div class='ocr_carea' id='block_1_11' title="bbox 128 191 1962 2865">
    <p class='ocr_par' dir='ltr' id='par_1_29' title="bbox 128 191 1962 2865">
     <span class='ocr_line' id='line_1_88' title="bbox 128 191 1962 2865; baseline 0 0"><span class='ocrx_word' id='word_1_395' title='bbox 128 191 1962 2865; x_wconf 95' lang='lat' dir='ltr'> </span> 
     </span>
    </p>
   </div>
  </div>
 </body>
</html>
