2080 2990
661 219 837 253 Officium
862 219 903 253 Β.
928 218 1061 253 Mariae
1086 219 1122 252 in
1149 219 1329 254 Sabbato.

196 314 454 367 Capitulum.
650 315 778 357 Eccli.
798 316 863 354 24.
883 314 921 355 b.

1027 311 1125 353 tuis.
1173 313 1223 363 Rv.
1264 311 1507 363 Propterea
1546 308 1772 352 benedixit
1813 315 1857 351 te

143 371 222 476 In
244 375 402 429 plateis
430 375 542 416 sicut
569 373 905 422 cinnamomum,
931 377 976 413 et
1028 368 1150 409 Deus
1177 367 1222 407 in
1250 369 1471 408 aeternum.

211 432 456 475 balsamum
479 432 771 472 aromatizans
792 428 977 470 odorem

147 488 268 543 dedi:
315 487 441 541 quasi
479 486 657 540 myrrha
697 485 838 528 electa
874 484 977 526 dedi

147 544 409 587 suavitatem
428 543 588 585 odoris.

198 608 248 660 R.
283 607 345 648 br.
383 605 528 658 Elegit
563 618 660 646 eam
690 605 832 654 Deus,
862 607 885 630 *
920 603 977 645 Et

146 662 375 715 praeelegit
403 675 510 704 eam.
550 661 706 712 Elegit.
750 658 801 709 V.
836 660 888 700 In
914 664 976 701 ta—

146 718 386 760 bernaculo
413 731 492 759 suo
516 717 716 759 habitare
742 716 846 757 facit
871 728 977 757 eam.

147 774 205 816 Et
223 774 462 827 praeelegit.
490 773 643 815 Gloria
659 772 790 813 Patri.
821 771 977 822 Elegit.

197 833 248 885 V.
287 835 459 877 Diffiisa
495 840 562 878 est
596 834 738 886 gratia
771 834 816 875 in
851 833 977 875 labiis

1232 440 1294 480 In
1320 440 1382 480 11.
1407 438 1659 489 vesperis.

1089 496 1226 530 Omnia
1244 495 1315 529 dic.
1334 498 1373 528 ut
1391 494 1428 527 in
1446 494 1470 527 1.
1485 493 1597 536 Vesp.
1613 496 1702 539 [133]
1715 497 1855 536 praeter

1080 544 1129 595 V.
1152 548 1344 599 Dignare
1363 560 1433 589 me
1451 546 1632 589 laudare
1650 553 1705 597 te,
1720 547 1860 598 Virgo

1031 607 1214 646 sacrata.
1248 605 1297 656 R*-
1323 604 1394 645 Da
1411 603 1517 644 mihi
1534 603 1741 645 virtutem
1760 615 1860 644 con-

1030 666 1099 702 tra
1116 660 1268 702 hostes
1286 666 1400 702 tuos.

1082 723 1150 763 Ad
1175 723 1345 774 Magnis.
1371 726 1469 766 Ant.
1500 721 1681 761 Beatam
1702 732 1772 761 me
1796 718 1856 761 di-

1032 782 1132 818 cent
1163 779 1187 803 *
1221 789 1372 818 omnes
1401 776 1724 827 generationes,
1761 776 1863 827 quia

1033 833 1234 874 ancillam
1252 832 1461 874 hnmilem
1480 832 1673 885 respexit
1690 832 1823 873 Deus.

926 913 1218 938 &nvem——

424 982 746 1032 OFFICIUM
778 982 836 1030 B.
870 980 1107 1029 MARIAE
1141 979 1211 1028 IN
1245 980 1578 1029 SABBATO.
1624 944 1632 955 ⁸

199 1090 386 1126 Omnibus
406 1092 589 1127 Sabbatis
610 1102 679 1135 per
702 1102 853 1133 annum,
880 1101 976 1135 prae-

146 1144 321 1183 terquam
354 1139 393 1174 in
424 1140 624 1183 Adventu,
660 1140 975 1183 Quadragesima,

149 1186 321 1227 Quatuor
333 1187 592 1231 Temporibus
610 1192 646 1222 et
662 1188 829 1230 Vigiliis.
848 1192 884 1222 et
901 1187 977 1221 nisi

148 1234 325 1269 Officium
344 1235 426 1269 fieri
448 1236 586 1270 debeat
607 1236 654 1270 de
674 1235 796 1278 Feria,
819 1239 977 1278 propter

148 1281 325 1317 Officium
347 1283 509 1326 alicujus
526 1283 742 1318 Dominicae
759 1283 858 1317 infra
875 1283 976 1316 Heb-

148 1329 354 1364 domadam
397 1331 636 1374 ponendum,
679 1335 720 1365 ut
759 1330 900 1364 dicitur
939 1330 976 1363 in

147 1377 315 1412 Rubrica
340 1378 387 1412 de
411 1378 642 1417 Dominicis:
668 1389 712 1413 ac
736 1379 812 1412 nisi
837 1378 976 1412 festum

147 1436 287 1460 novem
299 1426 525 1460 Lectionum
541 1431 727 1466 occurrat,
744 1427 784 1460 fit
799 1426 975 1460 Officium

148 1473 195 1507 de
219 1478 354 1508 sancta
375 1474 507 1517 Maria,
531 1474 649 1508 modo
675 1474 932 1517 infrascripto.

198 1521 241 1555 In
271 1521 457 1565 Vesperis
489 1522 612 1556 Feriae
644 1526 766 1556 sextae
798 1521 978 1555 dicuntur

146 1569 293 1603 Psalmi
313 1569 467 1603 feriales
485 1570 523 1603 in
541 1569 732 1603 Psalterio
750 1570 881 1612 positi.
901 1569 977 1602 nisi

147 1617 262 1651 fuerit
285 1616 425 1651 festum
449 1627 590 1651 novem
614 1617 855 1651 Lectionum:
887 1617 977 1660 quia

147 1668 237 1699 tune
262 1664 309 1699 de
334 1668 468 1699 sancta
488 1664 611 1699 Maria
635 1666 675 1698 fit
699 1669 846 1698 tantum
867 1664 977 1699 Com-

146 1712 374 1747 memoratio
392 1712 430 1746 in
449 1712 563 1746 dictis
576 1712 762 1755 Vesperis
781 1722 866 1746 cum
879 1712 977 1751 Ant..

147 1754 194 1801 V.
219 1763 257 1795 et
278 1759 472 1802 Oratione,
494 1764 535 1794 ut
560 1760 674 1794 infra:
700 1770 787 1803 quae
809 1760 977 1794 Comem.

149 1807 346 1850 omittitur,
369 1807 525 1851 quando
546 1807 658 1842 Feria
681 1811 791 1842 sexta
812 1807 979 1841 occurrit

149 1854 289 1889 festum
316 1855 618 1897 Purificationis‚
650 1855 712 1889 vel
745 1854 851 1889 aliud
881 1855 978 1897 ejus-

150 1902 238 1937 dem
260 1902 302 1936 B.
326 1902 460 1936 Mariae
484 1902 671 1937 Officium.

202 1950 423 1993 Capitulum
453 1954 490 1984 et
517 1949 694 1993 Hymnus
727 1954 767 1984 ut
799 1950 836 1983 in
868 1949 978 1983 festis

149 1997 191 2032 B.
215 1997 263 2032 M.
287 1997 331 2031 V.
362 1995 453 2040 [135]

202 2038 253 2090 V.
291 2043 463 2085 Diffusa
500 2047 568 2086 est
603 2042 743 2094 gratia
777 2042 821 2083 in
855 2042 984 2085 labiis

153 2101 252 2143 tuis.
302 2101 351 2153 131.
392 2100 637 2153 Propterea
676 2098 901 2141 benedixit
939 2104 984 2141 te

153 2157 276 2199 Deus
302 2156 348 2198 in
375 2158 597 2198 aeternum.

207 2211 279 2254 Ad
296 2213 471 2264 Magnis.
491 2214 591 2255 Ant.
621 2213 760 2253 Beata
777 2210 935 2260 Mater,
959 2211 984 2238 *

155 2274 200 2311 et
225 2270 390 2311 intacta
411 2269 568 2321 Virgo,
597 2268 790 2321 gloriosa
814 2267 986 2317 Regina

154 2324 315 2377 mundi,
333 2326 558 2368 intercede
575 2338 658 2379 pro
677 2324 806 2367 nobis
825 2323 882 2365 ad
895 2323 984 2364 Do-

154 2382 330 2424 minum.

206 2434 255 2485 W.
298 2438 513 2480 Dominus
553 2437 793 2480 vobiscum.
838 2438 885 2488 Ru
927 2434 985 2476 Et

158 2506 258 2535 cum
283 2494 442 2546 spiritu
467 2498 557 2536 tuo.

489 2556 652 2596 Oratio.

457 2622 539 2652 nos
552 2609 740 2652 famulos
754 2614 865 2658 tuos,
878 2609 987 2659 quae-

171 2718 175 2722 *
293 2679 441 2708 sumus
462 2667 651 2708 Domine
669 2667 805 2715 Deus,
830 2664 984 2717 perpe-

167 2723 170 2729 “
291 2728 368 2765 tua
391 2723 552 2765 mentis
579 2727 624 2765 et
650 2721 848 2775 corporis
876 2719 985 2761 sani-

314 2866 378 2890 Pars
394 2865 528 2891 Riemann.

1032 1091 1124 1130 tate
1160 1088 1371 1139 gaudere:
1410 1092 1454 1130 et
1490 1086 1684 1138 gloriosa
1719 1087 1863 1128 beatae

1033 1146 1184 1186 Mariae
1220 1157 1394 1198 semper
1426 1143 1621 1195 Virginis
1658 1143 1863 1184 interces-

1035 1202 1173 1251 sione,
1198 1214 1223 1242 a
1246 1200 1455 1254 praesenti
1478 1199 1656 1241 liberari
1677 1199 1864 1250 tristitia,

1035 1262 1078 1298 et
1102 1259 1266 1299 aeterna
1287 1256 1452 1310 perfrui
1474 1255 1638 1297 laetitia.
1669 1255 1754 1296 Per
1774 1255 1863 1296 Do-

1033 1313 1198 1355 minum
1215 1318 1426 1355 nostrum.

1085 1374 1110 1418 ὅ
1130 1375 1223 1410 Post
1247 1374 1498 1409 Nativitatem
1527 1383 1649 1416 usque
1680 1373 1727 1406 ad
1754 1373 1858 1406 Puri-

1032 1423 1258 1457 ficationem.

1087 1474 1157 1514 Ad
1176 1475 1348 1523 Magnis.
1372 1475 1469 1514 Ant.
1499 1474 1706 1523 Magnum
1727 1471 1863 1513 haere-

1036 1528 1184 1572 ditatis
1206 1528 1477 1582 mysterium:
1501 1528 1526 1555 *
1548 1527 1763 1580 templum
1781 1527 1867 1568 Dei

1035 1586 1176 1628 factus
1198 1590 1266 1627 est
1283 1589 1434 1627 uterus
1455 1584 1692 1626 nescientis
1711 1584 1866 1624 virum:

1034 1655 1123 1684 non
1147 1647 1214 1684 est
1236 1642 1433 1695 pollutus
1456 1654 1511 1683 ex
1530 1653 1582 1682 ea
1605 1652 1780 1682 carnem
1800 1652 1864 1680 as-

1036 1701 1226 1740 sumens:
1254 1711 1405 1740 omnes
1430 1702 1583 1748 gentes
1607 1696 1782 1738 venient
1804 1695 1864 1737 di-

1036 1757 1200 1797 centes:
1223 1754 1375 1796 Gloria
1392 1753 1472 1796 tibi
1490 1753 1688 1795 Domine.

1370 1817 1532 1856 Oratio.

1033 1869 1213 1973 DeuS,
1237 1870 1311 1923 qui
1335 1869 1487 1911 salutis
1509 1869 1698 1917 aeternae‚
1721 1866 1866 1909 beatae

1153 1927 1304 1968 Mariae
1348 1925 1597 1977 virginitate
1642 1921 1866 1973 foecunda,

1035 1983 1227 2024 humano
1262 1982 1413 2033 generi
1446 1980 1630 2035 praemia
1660 1979 1865 2033 praestiti-

1037 2039 1111 2081 sti:
1150 2038 1294 2081 tribue
1332 2040 1601 2091 quaesumus3
1642 2041 1691 2077 ut
1725 2035 1867 2088 ipsam

1037 2108 1120 2148 pro
1151 2093 1280 2137 nobis
1311 2093 1583 2136 intercedere
1616 2092 1866 2141 sentiamus,

1036 2164 1116 2204 per
1130 2163 1261 2203 quam
1272 2150 1510 2192 meruimus
1526 2151 1751 2191 auctorem
1763 2147 1866 2190 vitae

1037 2210 1278 2260 suscipere,
1309 2206 1547 2249 Dominum
1573 2210 1774 2247 nostrum
1799 2204 1824 2245 J
1826 2216 1866 2245 e-

1038 2277 1134 2305 sum
1165 2263 1386 2305 Christum
1417 2262 1575 2304 Filium
1604 2266 1745 2304 tuum:
1783 2260 1867 2310 Qui

1037 2325 1184 2362 tecum
1201 2319 1310 2362 vivit
1329 2324 1372 2362 et
1390 2323 1555 2371 regnat.

1088 2383 1183 2418 Post
1212 2383 1313 2419 Orat.
1345 2385 1439 2418 fiunt
1470 2380 1863 2417 Commemorationes

1037 2435 1233 2465 consuetae
1258 2432 1304 2466 de
1333 2432 1367 2466 S.
1394 2430 1558 2473 Joseph,
1589 2429 1634 2462 de
1659 2427 1862 2470 Apostolis

1038 2483 1074 2512 et
1098 2479 1145 2513 de
1169 2479 1279 2513 Pace.
1311 2479 1384 2514 126.

1090 2530 1130 2565 Si
1155 2535 1281 2565 autem
1307 2534 1481 2565 occurrat
1506 2529 1660 2562 Festum
1683 2524 1863 2569 Simplex,

1039 2578 1086 2612 de
1111 2588 1157 2612 eo
1182 2579 1223 2613 fit
1247 2579 1413 2613 Comeni.
1440 2581 1526 2611 ante
1554 2575 1640 2618 ipsa
1665 2573 1863 2614 Suffragia.

1089 2630 1392 2673 Completorium
1414 2634 1455 2662 ut
1476 2628 1512 2661 in
1531 2626 1730 2661 Psalterio.
1760 2624 1806 2657 Et
1826 2623 1863 2656 in

1038 2678 1112 2711 fine
1144 2678 1286 2721 Hymni
1326 2678 1377 2710 Te
1406 2674 1505 2709 lucis
1536 2677 1624 2709 ante
1654 2671 1866 2714 terminum,

1040 2725 1181 2759 dicitur
