2080 2990
772 216 977 249 Commune
1004 213 1212 255 Virginum.

246 314 330 353 Pro
357 313 535 361 Virgine
560 325 643 351 non
673 312 871 361 Martyre.

483 378 644 418 Oratio.

150 442 362 550 Exaudi
387 455 483 493 nos,
519 442 640 483 Deus
668 439 869 482 salutaris
896 451 968 480 no-

246 504 351 542 ster:
369 504 428 550 ut,
447 499 559 540 sicut
578 497 633 540 de
651 497 793 539 beatae
807 502 855 541 N.
873 496 968 538 Vir-

152 556 263 609 gim's
281 560 371 597 tuae
385 555 623 597 festivitate
638 553 890 605 gaudemus;
909 553 971 594 ita

151 613 238 666 piae
258 612 506 654 devotionis
530 610 778 653 erudiamur
801 608 970 650 affectu.

153 670 238 711 Per
257 669 503 710 Dominum.

205 737 243 769 Si
268 735 404 769 fuerint
426 736 569 778 plures.
597 734 644 767 ad
662 733 891 767 Benedictus
914 733 966 766 di-

151 784 247 818 citur

204 842 300 880 Ant.
326 836 566 879 Prudentes
574 835 777 887 Virgines
787 835 812 861 *
822 835 971 887 aptate

154 899 323 936 vestras
332 892 571 946 lampades:
587 904 689 934 ecce
704 904 891 944 sponsus
901 903 970 932 ve-

154 951 229 1001 nit,
249 953 363 993 exite
382 949 557 992 obviam
576 949 625 991 ei.

203 1003 253 1055 V.
294 1006 580 1048 Adducentur
618 1005 730 1055 Regi
769 1003 971 1054 Virgines

154 1068 257 1116 post
289 1076 395 1105 eam.
428 1065 476 1116 Rp.
506 1062 724 1103 Proximae
754 1061 845 1113 ejus
873 1060 970 1101 affe-

154 1121 303 1161 rentur
321 1118 411 1161 tibi.

480 1184 642 1225 Oratio.

242 1263 267 1291 a
309 1250 454 1299 nobis,
500 1251 746 1302 quaesumus
785 1247 972 1288 Domine

255 1306 376 1348 Deus
404 1311 569 1355 noster,
601 1307 850 1347 sanctarum
876 1304 971 1345 Vir-

151 1363 299 1415 ginum
324 1367 367 1405 et
390 1362 632 1414 Martyrum
654 1363 827 1403 tuarum
851 1362 900 1402 N.
930 1364 973 1401 et

152 1420 203 1460 N.
235 1419 404 1471 palmas
444 1418 694 1460 incessabili
736 1416 972 1459 devotione

153 1475 366 1517 venerari:
384 1479 433 1516 ut
452 1488 560 1527 quas
580 1474 711 1525 digna
724 1478 870 1515 mente
884 1485 973 1513 non

154 1533 388 1584 possumus
398 1531 632 1581 celebrare,
645 1529 879 1572 humilibus
893 1528 972 1569 sal-

154 1592 245 1629 tem
266 1588 592 1640 frequentemus
616 1587 851 1639 obsequiis.
888 1586 973 1627 Per

153 1644 390 1686 Dominum
407 1650 616 1686 nostrum.

422 1721 489 1758 Ad
509 1721 710 1758 Tertiam.

207 1781 305 1820 Ant.
336 1781 441 1821 Haec
464 1782 530 1820 est
549 1778 687 1830 Virgo
711 1777 895 1829 sapiens.

206 1840 341 1892 Capit.
374 1840 562 1880 Fratres:
584 1838 668 1889 Qui
686 1837 908 1889 gloriatur.
926 1843 970 1878 ut

154 1909 296 1948 supra.
322 1894 405 1947 [94]

207 1962 255 2013 R.
276 1961 336 2002 br.
361 1959 515 2013 Specie
531 1964 607 2001 tua
623 1963 643 1985 *
665 1959 722 2000 Et
739 1957 974 2011 pulchritu-

158 2016 259 2059 dine
277 2021 363 2058 tua.
394 2016 558 2069 Specie.
587 2012 634 2063 V.
657 2014 857 2064 Intende,
876 2015 975 2066 pro-

157 2085 285 2126 spere
304 2072 512 2125 procede,
537 2077 580 2114 et
598 2085 741 2123 regna.
774 2071 839 2112 Et.
874 2070 974 2112 Glo-

157 2130 223 2171 ria
239 2129 369 2171 Patri.
395 2128 560 2181 Specie.

210 2186 257 2238 V.
297 2188 536 2242 Adjuvabit
570 2201 666 2230 eam
696 2187 816 2229 Deus
853 2186 976 2228 vultu

159 2258 250 2287 suo.
288 2249 336 2300 R‘·
364 2246 485 2287 Deus
511 2245 555 2287 in
580 2244 725 2286 medio
755 2244 860 2295 ejus,
887 2255 976 2284 non

159 2301 515 2344 commovebitur.

432 2378 500 2414 Ad
521 2377 706 2414 Sextam.

213 2437 310 2477 Ant.
339 2438 445 2477 Haec
464 2439 531 2477 est
551 2448 649 2487 quae
668 2434 861 2476 nescivit.

261 2501 516 2553 Capitulum.
663 2502 696 2539 2.
713 2502 806 2539 Cor.
824 2500 871 2538 11.

284 2559 425 2600 mulor
453 2560 567 2601 enim
592 2572 671 2601 vos
695 2559 779 2600 Dei
805 2558 975 2600 aemula-

301 2615 432 2657 tione.
483 2615 713 2669 Despondi
749 2615 863 2657 enim
898 2626 976 2655 vos

161 2672 249 2769 {ulit
249 2672 343 2713 viro
362 2671 571 2723 virginem
589 2677 754 2714 castam
773 2670 978 2712 exhibere

250 2727 346 2769 isto.

1074 311 1120 361 Rg.
1152 310 1211 349 br.
1256 307 1493 359 Adiuvabit
1530 319 1625 349 eam
1657 310 1676 331 *
1717 307 1837 348 Deus

1020 363 1144 405 vultu
1169 376 1260 404 suo.
1296 363 1544 415 Adiuvabit.
1581 360 1625 410 δ”.
1654 363 1774 404 Deus
1794 363 1837 403 in

1021 420 1167 462 medio
1205 421 1313 472 ejus,
1356 432 1445 461 non
1481 419 1837 461 commovebitur.

1020 477 1153 518 Deus.
1184 476 1333 517 (lloria
1351 476 1480 518 Patri.
1507 475 1753 529 Adiuvabit.

1075 530 1121 581 δ”.
1148 533 1293 584 Elegit
1317 545 1412 574 eam
1430 533 1566 582 Deus,
1595 536 1637 574 et
1661 531 1837 584 praeele-

1022 590 1084 642 git
1100 603 1206 632 eam.
1236 593 1281 643 Ka
1301 589 1352 630 In
1371 588 1652 630 tabernaculo
1672 601 1751 629 suo
1766 588 1837 629 ha-

1019 646 1162 688 bitare
1180 646 1284 687 facit
1304 658 1411 687 eam.

1296 714 1363 750 Ad
1386 715 1568 750 Nonam.

1073 775 1171 813 Ant.
1209 775 1295 813 Ista
1314 776 1380 813 est
1399 771 1611 824 speciosa.

1110 839 1366 890 Capitulum.
1502 837 1625 877 Eccli.
1641 838 1698 876 51.
1716 836 1751 875 b.

1021 894 1252 999 Domine
1267 897 1388 938 Deus
1403 909 1536 945 meus,
1555 895 1757 937 exaltasti
1775 908 1840 936 su-

1123 966 1202 1005 per
1228 958 1390 994 terram
1417 952 1732 994 habitationem
1755 964 1840 993 me-

1023 1023 1107 1060 am,
1127 1014 1171 1051 et
1192 1022 1272 1062 pro
1290 1014 1432 1050 morte
1452 1008 1670 1050 defluente
1689 1008 1840 1061 depre-

1024 1068 1122 1107 cata
1145 1079 1251 1107 sum.
1284 1066 1490 1107 Invocavi
1507 1065 1743 1106 Dominum
1763 1065 1839 1105 Pa-

1023 1127 1135 1164 trem
1153 1122 1330 1164 Domini
1348 1122 1449 1172 mei,
1477 1126 1525 1163 ut
1549 1134 1637 1162 non
1660 1120 1840 1162 derelin-

1025 1184 1129 1230 quat
1153 1192 1222 1220 me
1246 1179 1290 1219 in
1315 1178 1386 1220 die
1406 1178 1701 1219 tribulationis
1720 1190 1840 1226 meae,

1025 1240 1068 1276 et
1085 1235 1129 1275 in
1143 1237 1342 1288 tempore
1358 1234 1646 1288 superborum
1661 1234 1753 1275 sine
1769 1233 1841 1275 ad-

1023 1291 1192 1343 jutorio.

1076 1352 1115 1385 si
1141 1351 1251 1385 fuerit
1269 1351 1387 1392 virgo
1412 1356 1444 1384 ct
1468 1361 1541 1383 uon
1562 1350 1720 1393 Martyr,
1748 1349 1838 1383 dici-

1023 1405 1082 1433 tur
1108 1409 1210 1442 sequ.

1126 1451 1383 1502 Capitulum.
1584 1452 1681 1501 Sap.
1702 1452 1737 1489 4.

1132 1523 1261 1563 quam
1284 1510 1466 1564 pulchra
1489 1514 1556 1551 est
1579 1514 1700 1551 casta
1717 1523 1841 1562 gene-

1130 1567 1242 1609 ratio
1268 1580 1366 1608 cum
1386 1566 1599 1608 claritate!
1624 1566 1842 1608 immorta-

1024 1624 1078 1665 lis
1108 1628 1174 1665 est
1203 1624 1317 1665 enim
1344 1623 1555 1665 memoria
1580 1622 1710 1664 illius:
1740 1625 1842 1674 quo-

1024 1681 1141 1721 niam
1160 1679 1278 1733 apud
1290 1680 1433 1722 Deum
1448 1684 1554 1721 nota
1573 1684 1649 1729 est,
1668 1683 1711 1720 et
1726 1678 1844 1731 apud

1025 1736 1233 1779 homines.

1076 1793 1124 1843 Rg.
1158 1792 1217 1831 br.
1262 1792 1407 1844 Elegit
1437 1805 1532 1834 eam
1562 1792 1698 1842 Deus,
1732 1790 1753 1811 *
1784 1792 1841 1832 Et

1026 1848 1252 1901 praeelegit
1280 1861 1385 1890 eam.
1429 1848 1584 1900 Elegit.
1629 1840 1674 1891 Y·
1703 1848 1755 1888 In
1782 1852 1842 1888 ta-

1025 1904 1260 1946 bernaculo
1285 1917 1364 1946 suo
1388 1904 1586 1946 habitare
1609 1904 1712 1945 facit
1738 1916 1843 1945 eam.

1025 1961 1083 2001 Et
1078 1961 1335 2058 ffraeeoegst'
1364 1961 1515 2002 Gloria
1529 1960 1660 2002 Patri.
1687 1960 1841 2011 Elegit.

1086 2050 1091 2064 ,
1120 2049 1127 2056 .
1166 2017 1337 2058 Diffusa
1373 2021 1439 2058 est
1471 2017 1611 2069 gratia
1642 2017 1685 2057 in
1715 2015 1843 2058 labiis

1026 2074 1123 2115 tuis.
1170 2074 1216 2125 Rs.
1255 2073 1496 2126 Propterea
1536 2072 1760 2115 benedixit
1799 2077 1844 2113 te

1026 2130 1147 2171 Deus
1173 2129 1218 2170 in
1243 2131 1464 2171 aeternum.

1231 2211 1292 2252 In
1311 2211 1373 2252 11.
1391 2210 1641 2261 Vesperis.

1081 2269 1183 2310 Ant„
1207 2267 1360 2305 Psalm..
1386 2266 1508 2310 Capit.
1534 2271 1569 2300 et
1587 2265 1722 2309 Hymn.
1747 2271 1784 2298 ut
1807 2264 1840 2297 in

1028 2317 1053 2350 Ι.
1078 2316 1193 2359 Vesp.
1216 2321 1287 2364 [83]

1079 2363 1128 2414 V·
1167 2372 1338 2427 Diffusa
1375 2375 1442 2413 est
1471 2372 1611 2423 gratia
1644 2371 1687 2411 in
1717 2370 1844 2412 labiis

1028 2428 1126 2469 tuis.
1180 2426 1229 2475 R.
1267 2429 1509 2481 Propterea
1539 2426 1762 2469 benedixit
1801 2431 1845 2468 te

1027 2485 1148 2526 Deus
1175 2485 1219 2525 in
1243 2486 1465 2526 aeternum.

1082 2538 1149 2580 Ad
1179 2540 1350 2588 Magnis.
1399 2540 1494 2579 Ant.
1545 2539 1653 2581 Veni
1680 2551 1843 2592 sponsa

1030 2595 1208 2646 Christi,
1234 2597 1258 2622 *
1285 2596 1435 2648 accipe
1463 2597 1686 2645 coronam,
1715 2607 1843 2646 quam

1029 2652 1110 2694 tibi
1126 2653 1220 2694 Dfis
1239 2652 1505 2706 praeparavit
1523 2652 1567 2692 in
1585 2653 1805 2693 aeternum.

1383 2723 1642 2752 ψ-
