2080 2990
640 194 712 229 Dic
737 195 796 229 30.
821 195 905 230 Jam.
953 196 987 230 S.
1013 196 1189 230 Martinus
1210 197 1314 239 Virg.
1338 203 1375 233 ct
1395 199 1502 234 Mart.

218 292 300 335 bus
320 292 544 343 affluebat,
572 293 681 335 mira
700 294 742 335 in
762 298 981 348 pauperes
1001 297 1046 338 li-

217 349 446 392 beralitate
474 349 707 392 distribuit.
742 351 832 393 Sub
860 352 1046 394 Alexan-

218 405 300 448 dro
319 406 533 459 principe,
560 420 658 449 cum
677 406 786 449 deos
805 409 956 450 inanes
977 413 1046 451 co-

217 462 307 504 lere
351 462 589 514 juberetur,
643 464 832 519 immane
878 465 1047 507 facinus

216 532 386 560 summa
410 519 614 562 libertate
642 520 899 563 detestatur.
935 523 1047 572 Qua-

215 578 399 629 pr6pter
426 578 585 618 iterum
612 582 745 629 atque
768 580 926 619 iterum
946 579 1046 620 affe-

216 638 287 674 cta
306 632 579 684 verberibus,
607 635 748 685 uncis,
773 634 947 685 ungulis
967 635 1046 676 fer-

216 690 319 739 reis,
339 692 551 732 testarum
570 691 824 742 fragmentis
843 691 1047 741 lacerata,

215 747 480 788 acutissimis
494 746 653 798 gladiis
668 747 943 789 membratim
955 761 1048 790 con-

215 805 322 854 cisa,
351 803 482 856 adipe
510 804 695 846 ferventi
719 807 947 859 peruncta,
975 804 1047 847 de-

216 873 335 901 mum
371 861 415 901 in
452 860 778 913 amphitheatro
816 860 1047 903 damnatur

216 916 273 958 ad
292 916 472 959 bestias:
500 931 525 959 a
551 917 709 969 quibus
734 918 872 959 illaesa
896 917 1046 960 divini-

214 978 285 1015 tus
315 973 527 1024 evadens,
563 974 607 1015 in
635 974 862 1016 ardentem
892 987 1047 1026 rogum

215 1030 389 1081 injecta,
430 1030 661 1072 incolumis
698 1032 793 1084 pari
830 1031 1047 1074 beneficio

215 1089 424 1128 servatur.

270 1154 319 1204 R:-
356 1152 544 1205 Propter
576 1153 821 1203 veritatem,
854 1158 898 1195 et
929 1166 1045 1194 man-

215 1208 507 1258 suetndinem‚
535 1215 578 1251 et
603 1210 824 1261 justitiam:
852 1210 874 1233 *
891 1210 948 1251 Et
973 1209 1044 1251 de-

217 1264 349 1307 ducet
381 1271 424 1307 te
462 1265 717 1308 mirabiliter
750 1266 931 1309 dextera
961 1271 1047 1308 tua.

216 1318 266 1370 Y.
284 1321 440 1375 Specie
459 1328 546 1373 tua,
566 1328 610 1364 et
628 1322 952 1376 pulchritudine
971 1328 1047 1365 tua

214 1378 405 1429 intende,
434 1382 649 1433 prospere
673 1379 883 1434 procede,
912 1386 955 1422 et
982 1393 1045 1422 re-

214 1448 310 1485 gna.
339 1436 405 1477 Et.

525 1516 676 1557 Lectio
699 1531 734 1556 v.

215 1578 325 1685 Ex
351 1585 441 1636 ejus
464 1585 708 1627 tortoribus
732 1585 944 1636 nonnulli,
971 1585 1046 1626 mi-

311 1641 449 1682 raculi
485 1642 680 1684 novitate
718 1642 926 1694 correpti,
962 1642 1046 1683 Dei

214 1698 435 1750 aspirante
454 1699 605 1749 gratia,
626 1698 787 1740 Christi
807 1698 939 1740 fidem
959 1712 1045 1740 am-

215 1754 351 1806 plexi,
395 1759 499 1807 post
546 1755 764 1796 cruciatus
808 1755 1045 1807 gloriosam

215 1811 409 1863 martyrii
428 1811 621 1863 palmam
641 1811 796 1864 capitis
816 1811 1045 1854 abscissio-

215 1881 270 1909 ne
297 1870 593 1920 promeruere.
634 1868 706 1910 Ad
731 1868 926 1921 ejusdem
949 1882 1045 1922 pre-

215 1937 289 1966 ces
334 1937 448 1966 nunc
491 1924 818 1967 terraemotibus
865 1926 1044 1977 exertis,

214 1994 329 2022 nunc
360 1980 534 2032 ignibus
568 1994 592 2023 e
620 1981 734 2023 coelo
763 1983 944 2024 tonante
973 1982 1044 2024 de-

214 2036 367 2090 lapsis,
405 2036 589 2079 deorum
623 2038 789 2091 templa
821 2041 1044 2091 prostrata

215 2098 330 2143 sunt,
355 2099 398 2135 et
419 2094 651 2136 simulacra
670 2098 941 2148 consumpta.
977 2096 1043 2136 In-

213 2149 387 2192 terdum
406 2163 461 2192 ex
479 2151 730 2194 vulneribus
749 2152 818 2194 lac
834 2166 933 2194 cum
948 2155 1043 2194 san-

213 2207 343 2258 guine
368 2208 527 2260 erupit,
556 2208 854 2261 splendorque
876 2208 1043 2250 nitidis-

214 2264 365 2314 simus,
390 2277 441 2306 ac
465 2265 748 2307 suavissimus
772 2266 884 2307 odor
907 2279 932 2307 e
952 2268 1043 2307 cor-

213 2333 322 2373 pore
343 2321 578 2363 emanavit:
602 2321 822 2363 interdum
846 2322 1043 2364 sublimis

213 2377 333 2428 regia
355 2377 400 2418 in
424 2376 530 2419 sede
555 2377 711 2419 divinis
735 2378 939 2420 laudibus
958 2391 1043 2420 una

213 2446 312 2475 cum
332 2433 551 2476 coelitibus
570 2434 781 2476 interesse
799 2435 894 2476 visa
914 2440 991 2477 est.

270 2502 318 2554 Rg.
348 2503 553 2546 Dilexisti
580 2504 806 2556 justitiam,
839 2509 883 2546 et
910 2504 1043 2547 odisti

212 2559 504 2612 iniquitatem:
535 2562 557 2584 *
579 2561 821 2614 Propterea
848 2562 972 2603 unxit
998 2567 1042 2603 te

212 2616 354 2667 Deus,
399 2617 520 2659 Deus
569 2622 670 2659 tuus
723 2617 821 2659 eleo
866 2617 1041 2659 laetitiae.

218 2668 266 2719 V.
290 2673 480 2726 Propter
498 2674 745 2723 veritatem,
774 2679 818 2716 et
844 2687 1040 2716 mansue-

212 2730 421 2780 tudinem,
441 2735 485 2772 et
503 2730 722 2782 justitiam.
749 2731 1002 2783 Propterea.

1401 294 1553 336 Lectio
1572 295 1626 336 vi.

1100 356 1283 462 Hisce
1306 364 1536 418 prodigiis,
1564 365 1743 418 ejusque
1771 365 1814 406 in
1842 365 1927 418 pri-

1203 423 1285 463 mis
1305 421 1558 472 constantia,
1579 422 1738 463 acriter
1756 423 1926 474 permo-

1098 484 1169 520 tus
1197 479 1343 531 judex,
1371 483 1504 530 caput
1527 478 1685 529 virgini
1711 479 1926 532 amputari

1099 536 1327 589 praecepit3
1364 548 1450 588 qua
1481 536 1727 588 perempta,
1762 535 1926 576 audita-

1100 604 1184 644 que
1210 592 1265 634 de
1290 592 1404 634 coelo
1420 604 1542 643 voce,
1562 605 1648 645 qua
1663 591 1719 633 ad
1733 591 1928 644 Superos

1100 648 1381 699 evocabatur,
1409 649 1515 691 urbs
1537 653 1634 690 tota
1655 648 1927 698 contremuit,

1100 718 1151 747 ac
1164 706 1289 747 multi
1304 705 1523 748 idolorum
1538 705 1729 747 cultores
1741 703 1799 747 ad
1810 704 1928 746 Chri-

1100 762 1155 803 sti
1188 762 1322 804 fidem
1355 762 1556 804 conversi
1587 767 1699 804 sunt.
1748 762 1928 803 Sacrum

1099 818 1300 860 Martinae
1335 815 1514 872 corpus,
1557 818 1739 861 sedente
1774 822 1927 860 sancto

1099 874 1278 917 Urbano
1298 876 1458 929 primo,
1483 876 1692 928 martyrio
1713 874 1928 924 affectum,

1099 931 1278 974 Urbano
1305 935 1464 975 octavo
1489 933 1704 974 Pontifice
1723 931 1928 980 Maximo,

1098 988 1141 1028 in
1158 993 1415 1041 pervetusta
1434 989 1629 1042 ejusdem
1649 988 1846 1038 ecclesia,
1871 986 1928 1029 ad

1098 1045 1404 1087 Mamertinum
1425 1048 1662 1096 carcerem,
1690 1046 1734 1086 in
1753 1045 1927 1098 Capito-

1098 1101 1173 1142 lini
1193 1102 1292 1144 clivi
1310 1102 1544 1153 radicibus,
1563 1116 1662 1145 cum
1678 1103 1929 1144 sanctorum

1098 1159 1340 1211 Martyrum
1361 1159 1608 1210 Concordii,
1630 1158 1865 1213 Epiphanii
1884 1162 1928 1199 et

1100 1216 1320 1257 sociorum
1335 1216 1597 1270 corporibus
1607 1218 1842 1269 repertum,
1858 1216 1927 1256 eo-

1100 1272 1201 1314 dem
1219 1272 1319 1315 loco
1333 1274 1378 1314 in
1391 1273 1619 1315 meliorem
1633 1273 1818 1314 formam
1831 1270 1926 1312 red-

1101 1331 1217 1379 acto,
1243 1335 1375 1383 atque
1395 1330 1621 1372 decentius
1640 1331 1814 1379 ornato,
1839 1340 1927 1368 ma-

1098 1398 1186 1436 gno
1206 1387 1361 1439 populi
1381 1390 1614 1437 concursu,
1641 1388 1776 1428 totius
1794 1383 1927 1426 Urbis

1099 1442 1267 1493 laetitia,
1293 1443 1478 1485 solemni
1501 1444 1588 1485 ritu
1610 1456 1662 1484 ac
1679 1454 1845 1496 pompa
1863 1453 1927 1483 re-

1099 1499 1294 1551 positum
1313 1506 1391 1542 est.

1151 1568 1200 1618 Ra
1228 1568 1479 1611 Afferentur
1498 1569 1620 1621 Regi.
1638 1568 1715 1622 [91]

1152 1637 1190 1670 In
1220 1638 1497 1675 111.N0cturn0
1522 1640 1691 1675 Homilia
1717 1640 1754 1674 in
1780 1639 1924 1682 Evung.

1101 1684 1231 1720 Simile
1265 1687 1337 1721 erit
1372 1697 1533 1731 regnum
1569 1687 1755 1722 coeldrum
1793 1686 1926 1721 decem

1099 1733 1325 1777 virginibus.
1341 1736 1386 1770 de
1406 1736 1541 1771 codem
1560 1736 1665 1771 Com.
1691 1736 1717 1770 1.
1736 1736 1833 1769 loco.
1854 1733 1925 1777 [93]

1357 1830 1435 1872 Ad
1460 1830 1668 1872 Laudes.

1408 1907 1618 1957 Hymnus.

1097 1966 1171 2071 Τ
1183 1985 1210 2012 u
1233 1971 1378 2013 natale
1397 1971 1540 2013 solum
1558 1974 1758 2025 protege,
1782 1975 1830 2012 tu
1847 1969 1923 2012 bo-

1149 2085 1219 2126 Da
1250 2085 1373 2138 pacis
1406 2041 1601 2151 ἓέῗῃιῇεω
1629 2084 1924 2127 Christiadum

1148 2199 1385 2240 Armorum
1404 2141 1623 2263 sptlssegpistlis,
1643 2202 1687 2240 et
1704 2198 1797 2239 fera
1815 2200 1924 2251 prae-

1148 2313 1199 2353 In
1216 2312 1326 2354 fines
1346 2255 1671 2363 agelzlffrhracios.

1101 2392 1154 2432 Et
1173 2403 1325 2442 regum
1343 2390 1515 2455 secians
1540 2389 1712 2441 agmina
1730 2388 1810 2430 sub
1831 2401 1923 2431 cru-

1148 2503 1344 2554 Vexillo,
1385 2459 1586 2569 Sfbllsymas
1605 2501 1812 2544 -nexibus
1852 2504 1922 2544 ex-

1148 2572 1605 2682 Vindexqueniffiioeuj
1621 2615 1841 2667 sanguinis
1855 2614 1924 2657 ho-

1147 2730 1301 2773 Robur
1320 2678 1647 2773 funditiglsue'lrue.
