2040 2990
245 281 552 324 Misericordiae
580 287 667 323 tuae
695 282 841 323 multae
862 281 1007 322 Demi-

193 353 261 381 ne:
279 341 301 364 *
326 338 562 380 secsmdum
583 337 786 389 judicium
805 344 926 379 tuum
950 338 1007 378 vi—

194 396 317 436 vifica
346 408 425 436 me.

242 450 364 492 Multi
399 451 471 502 qui
498 453 815 503 persequantur
845 462 930 500 me,
965 454 1008 491 et

191 507 397 548 tribulant
423 520 509 548 me:
535 507 558 531 *
587 519 612 547 a
639 506 895 547 testimc'miis
922 505 1007 547 tuis

191 575 276 603 non
305 562 527 604 declinavi.

242 618 344 659 Vidi
371 618 719 671 praevaricantes,
747 623 790 659 et
814 618 1005 659 tabesce-

190 674 305 715 bam:
333 675 355 699 *
390 675 488 726 quia
516 674 686 726 elequia
717 679 790 715 tua
822 687 909 715 non
937 687 1005 715 cu-

191 730 443 771 stodierunt.

241 786 355 827 Vide
386 786 587 838 quoniam
613 786 818 827 mandata
844 790 918 827 tua
946 785 1005 827 di-

190 842 274 883 lexi
296 843 494 883 D6mine:
514 843 536 867 *
555 843 597 882 in
615 841 911 883 misericerdia
931 847 1005 883 tua

190 898 359 939 vivifica
387 911 466 939 me.

240 955 503 1007 Principium
548 954 781 996 verberum
821 957 1004 1004 tu6rum,

190 1010 363 1051 veritas:
382 1012 404 1035 *
424 1011 466 1050 in
494 1012 704 1051 aeternum
732 1011 874 1052 emnia
901 1011 1004 1062 judi-

189 1066 255 1107 cia
282 1067 454 1117 justitiae
481 1072 579 1108 tuae.

192 1168 457 1272 Principes
475 1179 694 1231 perseet'iti
715 1184 814 1220 sunt
827 1192 896 1220 me
911 1192 1004 1230 gra-

305 1234 375 1274 tis:
402 1235 425 1259 *
453 1239 496 1275 et
524 1247 548 1275 a
576 1234 721 1276 verbis
750 1235 834 1276 tuis
862 1236 1004 1276 formi-

189 1288 308 1330 davit
335 1302 410 1330 cor
437 1303 591 1331 meum.

238 1345 441 1387 Laetabor
464 1359 544 1397 ego
568 1360 698 1399 super
722 1347 894 1399 elequia
916 1353 1004 1389 tua:

186 1403 209 1427 *
238 1402 348 1443 sieut
376 1403 447 1454 qui
474 1403 636 1444 invenit
664 1403 803 1456 spolia
828 1404 973 1445 multa.

238 1458 514 1510 Iniquitatem
548 1458 649 1500 odio
683 1459 829 1509 habui,
858 1466 901 1501 et
933 1460 1003 1502 ab·

189 1518 403 1559 ominatus
419 1532 527 1559 sum:
537 1520 559 1545 *
572 1519 712 1570 legem
727 1526 869 1562 autem
885 1526 1003 1562 tuam

190 1573 330 1614 dilexi.

239 1630 408 1683 Septies
435 1631 477 1671 in
505 1631 574 1673 die
600 1632 772 1673 laudem
800 1632 887 1674 djxi
915 1634 1003 1683 tibi,

189 1686 212 1710 *
241 1698 370 1738 super
397 1687 551 1738 judicia
578 1689 750 1739 justitiae
779 1694 876 1730 tuae.

239 1742 330 1783 Pax
370 1744 504 1785 multa
550 1744 824 1795 diligentibus
864 1746 1003 1797 legem

188 1802 319 1838 tuam:
340 1800 363 1824 *
385 1804 428 1840 et
447 1813 533 1841 non
555 1806 621 1842 est
638 1801 719 1842 illis
742 1801 1003 1843 scandalum.

238 1854 558 1907 Exspectabam
578 1857 765 1899 salutare
780 1863 901 1899 tuum
916 1859 1003 1899 Βό-

189 1910 315 1951 mine:
342 1912 365 1935 *
393 1916 436 1952 et
462 1912 665 1954 mandata
692 1919 765 1955 tua
794 1914 934 1956 dilexi.

241 1965 482 2009 Custodivit
513 1969 653 2010 anima
685 1983 781 2011 mea
813 1972 1003 2013 testimo-

190 2022 258 2062 nia
277 2027 364 2063 tua:
378 2024 401 2047 *
417 2029 459 2064 et
480 2023 628 2066 dilexit
647 2038 697 2066 ea
717 2026 1002 2069 vehementer.

239 2077 416 2119 Servavi
450 2080 652 2122 mandata
686 2087 775 2131 tua,
810 2088 853 2124 et
886 2085 1002 2125 testi-

189 2134 332 2174 monia
351 2139 439 2176 tua:
453 2136 476 2160 *
492 2137 591 2188 quia
612 2149 762 2179 omnes
787 2139 868 2180 viae
892 2153 1001 2182 meae

189 2189 230 2229 in
258 2192 494 2242 conspectu
521 2197 607 2233 tuo.

240 2245 576 2299 Appropinquet
618 2248 867 2300 deprecatio
907 2264 1002 2293 mea

188 2300 230 2340 in
259 2303 494 2354 conspectu
522 2308 596 2344 tuo
624 2304 823 2346 DOmine:
843 2307 866 2330 *
887 2306 1002 2357 juxta

189 2355 406 2408 eloquium
418 2363 537 2399 tuum
549 2358 603 2400 da
615 2359 715 2400 mihi
728 2361 1001 2403 intellectum.

239 2413 376 2454 Intret
415 2415 649 2466 postulatio
686 2429 781 2457 mea
821 2418 863 2457 in
904 2431 1001 2459 con·

188 2469 339 2520 spectu
367 2474 456 2510 tuo:
475 2471 498 2495 *
519 2471 755 2513 secundum
784 2473 1001 2525 elequium

188 2529 307 2564 tuum
337 2525 454 2577 eripe
481 2539 560 2567 me.

238 2580 507 2622 Eructe'lbunt
532 2582 645 2623 lz'ibia
671 2597 767 2624 mea
786 2584 1000 2636 hymnum,

186 2636 209 2660 *
238 2648 334 2676 cum
364 2636 563 2678 dociieris
587 2652 655 2679 me
679 2639 1000 2689 justificatidnes

187 2696 294 2732 tuas.

924 190 979 222 Ad
1006 190 1161 222 Nonam.

1110 281 1412 323 Pronuntiabit
1436 281 1581 332 lingua
1601 293 1699 322 mea
1718 281 1880 334 eloqui-

1059 351 1131 378 um
1158 343 1295 379 tuum:
1322 339 1346 363 *
1375 338 1476 390 quia
1503 337 1647 378 emnia
1675 337 1881 379 mandAta

1059 399 1132 435 tua
1160 395 1353 447 aequitas.

1110 451 1206 492 Fiat
1233 463 1385 491 manus
1412 454 1487 491 tua
1515 454 1563 491 ut
1583 450 1722 492 salvet
1749 463 1832 492 me:
1856 450 1880 476 *

1060 508 1263 559 queniam
1290 506 1495 548 mandata
1522 511 1597 547 tua
1624 506 1745 558 elegi.

1111 564 1350 616 Concupivi
1372 563 1561 604 salutare
1587 568 1709 604 tuum
1731 563 1880 604 Domi·

1058 632 1125 660 ne:
1146 621 1169 644 ¹⁸¹
1188 625 1231 661 et
1253 620 1324 661 lex
1342 625 1416 660 tua
1434 618 1660 661 meditatio
1680 632 1779 661 mea
1802 624 1879 661 est.

1109 676 1240 717 Vivet
1260 676 1402 716 {mima
1416 688 1524 725 mea,
1544 680 1588 717 et
1607 675 1803 718 laudabit
1821 681 1879 717 te:

1057 732 1080 757 *
1108 737 1151 773 et
1178 731 1334 783 judicia
1360 737 1435 773 tua
1463 731 1729 783 adjuvabunt
1755 745 1836 774 me.

1107 788 1272 837 Erriwi,
1301 788 1412 829 sieut
1434 788 1538 838 ovis,
1568 801 1666 841 quae
1691 789 1837 841 periit:
1855 789 1879 814 *

1059 857 1204 896 quaere
1221 857 1394 886 servum
1408 849 1542 894 tuum,
1559 845 1660 897 quia
1673 844 1880 887 mandata

1057 906 1130 942 tua
1158 914 1244 942 non
1272 915 1368 942 sum
1396 900 1569 943 oblitus.

1115 963 1210 1001 Ant.
1240 961 1429 1013 Alleffija,
1457 960 1638 1012 allelsija,
1667 961 1848 1013 alleltija.

1175 1048 1429 1100 Capitulum.
1513 1050 1540 1087 1.
1562 1050 1657 1088 Cor.
1678 1050 1714 1088 6.
1735 1048 1773 1088 d.

1142 1114 1250 1166 mpti
1271 1114 1384 1155 enim
1411 1114 1514 1155 estis
1542 1114 1684 1167 pretio
1707 1126 1878 1165 magno.

1151 1170 1404 1212 Glorifieate
1423 1175 1467 1212 et
1482 1173 1658 1223 portate
1671 1171 1814 1212 Deum
1832 1170 1877 1210 in

1057 1228 1244 1279 cerpore
1267 1232 1428 1268 vestro.

1114 1290 1164 1339 R.
1201 1289 1261 1329 br.
1302 1287 1496 1328 Clamavi
1531 1288 1575 1328 in
1610 1292 1707 1329 toto
1744 1287 1878 1330 corde

1056 1356 1170 1393 meo,
1203 1347 1224 1369 *
1249 1343 1419 1385 Exafldi
1451 1357 1521 1385 me
1548 1345 1746 1385 D6mine.
1784 1343 1878 1386 Cla-

1055 1400 1181 1440 mavi.
1230 1396 1277 1446 Y.
1306 1401 1330 1441 J
1334 1401 1646 1443 ustificatidnes
1682 1406 1781 1442 tuas
1813 1413 1878 1442 re-

1057 1459 1235 1508 quiram.
1263 1456 1443 1498 Exandi.
1471 1456 1629 1499 Gleria.
1656 1457 1861 1499 Clamiwi.

1116 1516 1160 1566 V.
1184 1521 1253 1563 Ab
1281 1522 1466 1563 oeciiltis
1488 1523 1596 1564 meis
1621 1521 1783 1564 munda
1807 1535 1878 1564 me

1055 1579 1252 1620 Demine.
1305 1580 1351 1630 Ην.
1380 1579 1437 1620 Et
1471 1578 1525 1620 ab
1560 1578 1710 1620 alienis
1745 1590 1878 1631 parce

1056 1648 1183 1677 servo
1211 1640 1298 1676 tuo.

1114 1705 1157 1743 ln
1203 1704 1333 1744 feriali
1380 1704 1534 1745 Officio
1577 1717 1655 1756 per
1696 1704 1902 1744 Annum*

1061 1761 1155 1800 Ant.
1203 1761 1435 1813 Aspice-in
1471 1773 1557 1810 me,
1590 1765 1634 1802 et
1670 1761 1877 1803 miserere

1055 1816 1139 1858 mei
1162 1817 1360 1858 Demine.
1482 1862 1484 1864 ,

1110 1877 1244 1928 Capit.
1275 1878 1419 1931 Empti
1447 1878 1571 1920 enim.
1604 1882 1649 1916 ut
1677 1888 1818 1928 supra.

1112 1937 1157 1987 lxffv.
1180 1937 1239 1976 br.
1263 1938 1447 1980 Redime
1466 1952 1535 1980 me
1554 1938 1752 1988 Demine‚
1778 1934 1799 1959 *
1820 1938 1878 1980 Et

1055 1994 1260 2036 miserere
1275 1995 1370 2036 mei.
1386 1994 1580 2037 Redime.
1600 1988 1646 2039 V
1659 1995 1745 2036 Pes
1763 1994 1877 2036 enim

1054 2063 1177 2091 meus
1206 2051 1325 2092 stetit
1353 2051 1395 2091 in
1425 2051 1495 2092 via
1522 2056 1652 2093 recta.
1678 2051 1745 2093 Et.
1777 2050 1876 2092 Glo-

1055 2106 1117 2147 ria
1144 2106 1272 2148 Patri.
1300 2106 1496 2149 Redime.

1112 2164 1157 2214 V'.
1182 2167 1252 2210 Ab
1281 2168 1462 2210 occi'iltis
1486 2170 1594 2211 meis
1618 2169 1780 2212 munda
1805 2183 1875 2211 me

1055 2224 1250 2265 D6mine.
1297 2226 1340 2276 Rg.
1374 2226 1430 2267 Et
1467 2225 1522 2267 ab
1559 2226 1708 2267 alienis
1743 2238 1875 2278 parce

1054 2293 1181 2321 servo
1209 2285 1295 2322 tuo.

1100 2351 1261 2389 Quando
1295 2352 1341 2385 ad
1377 2353 1601 2388 Matutinum
1640 2355 1753 2389 dictae
1789 2360 1876 2388 sunt

1059 2407 1200 2439 preces,
1227 2400 1334 2433 tlt-xis
1360 2403 1521 2441 genibus
1548 2404 1686 2437 dicitur

1151 2461 1242 2513 yrie
1275 2460 1448 2503 eleison.
1494 2462 1666 2504 Christe
1699 2461 1874 2504 eleison.

1184 2517 1310 2569 Kyrie
1339 2517 1512 2559 eleison.

1109 2577 1233 2618 Pater
1259 2582 1418 2618 noster.
1448 2587 1629 2620 secreto.

1110 2634 1155 2683 X.
1180 2642 1235 2683 Et
1262 2655 1316 2683 ne
1344 2655 1424 2683 nos
1452 2643 1633 2686 inducas
1666 2645 1709 2685 in
1736 2649 1871 2686 tenta-

1052 2699 1224 2739 ti6nem.
1256 2699 1303 2748 Rev.
1325 2697 1412 2739 Sed
1431 2699 1567 2741 libera
1593 2713 1674 2742 nos
1701 2713 1727 2742 a
1745 2700 1871 2742 malo.
