2080 2990
874 195 1036 229 Litanizc
1061 197 1294 228 Sanctorum.

295 292 352 332 Et
367 290 479 332 sicut
493 289 764 342 opertorium
777 289 966 331 mutabis
977 302 1064 340 eos,

243 354 286 389 et
316 346 612 388 mutabuntur:
640 347 663 371 ¹⁸¹
690 351 738 387 tu
772 351 917 388 autem
948 345 1064 387 idem

242 404 337 456 ipse
356 416 414 453 es,
434 408 478 444 et
496 403 595 443 anni
613 402 676 444 tui
694 415 782 444 non
802 402 1015 444 deficient.

294 459 391 500 Filii
425 461 652 501 servorum
690 461 865 501 tuorum
899 458 1064 501 habita-

242 516 363 558 bunt:
386 518 410 543 *
435 521 478 557 et
507 528 654 557 semen
683 518 834 557 eorum
861 516 904 556 in
932 517 1064 557 sa'ecu·

241 573 330 614 lum
350 572 571 623 dirigetur.

295 629 445 671 Gloria
464 629 594 670 Patri.

503 684 698 724 I’salmus
718 685 802 723 129.

330 755 353 783 e
376 741 605 794 profundis
629 742 813 784 clamavi
835 742 892 785 ad
914 748 958 785 te
976 744 1063 785 Do-

342 799 473 840 mine:
509 801 533 825 *
570 799 758 841 Domine
795 799 954 842 exaudi
990 813 1063 842 vo-

242 868 337 897 cem
355 868 506 896 meam.

293 912 420 953 Fiant
451 925 577 953 aures
608 917 696 953 tuae
723 913 1013 964 intendentes,
1040 915 1063 940 *

240 969 285 1010 in
303 981 458 1010 vocem
478 967 797 1021 deprecationis
815 983 936 1012 meae.

292 1025 337 1067 Si
364 1025 615 1077 iniquitates
647 1026 950 1069 observaveris
977 1028 1064 1070 Do-

240 1082 369 1123 mine:
388 1083 411 1109 *
430 1081 617 1124 Domine
638 1083 735 1135 quis
754 1084 1004 1127 sustinebit?

294 1139 405 1188 Quia
432 1138 550 1191 apud
576 1144 620 1181 te
647 1140 902 1193 propitiatio
932 1146 1014 1183 est:
1041 1143 1065 1168 ²⁸¹

242 1201 285 1236 et
311 1200 494 1247 propter
521 1196 662 1247 legem
680 1203 799 1239 tuam
819 1198 1003 1240 sustinui
1021 1204 1065 1240 te

240 1251 438 1294 Domine.

292 1308 502 1351 Sustinuit
538 1310 679 1351 anima
715 1323 813 1352 mea
848 1312 892 1352 in
928 1311 1065 1354 verbo

242 1366 347 1416 ejus:
366 1366 390 1392 *
409 1366 603 1418 speravit
627 1367 770 1408 anima
793 1381 891 1410 mea
914 1369 957 1410 in
978 1368 1064 1410 Do-

240 1434 369 1463 mmo.

293 1478 333 1518 A
365 1478 564 1521 custodia
596 1483 807 1523 matutina
838 1494 978 1534 usque
1010 1482 1066 1524 ad

241 1539 430 1576 noctem:
445 1537 468 1563 *
483 1542 630 1589 speret
648 1538 784 1579 Israel
804 1539 847 1579 in
863 1539 1065 1581 Domino.

294 1591 403 1642 Quia
426 1593 545 1645 apud
563 1594 798 1636 Dominum
820 1596 1059 1638 misericor-

243 1647 329 1689 dia:
356 1649 379 1673 *
408 1654 452 1690 et
484 1651 666 1703 copiosa
699 1651 817 1704 apud
846 1665 944 1694 eum
970 1652 1063 1695 red-

242 1705 415 1757 emptio.

292 1761 350 1803 Et
394 1762 490 1814 ipse
533 1762 718 1806 redimet
760 1766 914 1815 Israel,
950 1768 974 1793 *
1011 1779 1064 1808 ex

242 1817 443 1859 omnibus
463 1818 767 1872 iniquitatibus
787 1823 889 1874 ejus.

294 1875 445 1916 Gloria
463 1876 593 1918 Patri.

508 1932 703 1971 Psalmus
723 1933 807 1971 142.

245 1984 475 2089 Domine
488 1990 646 2033 exaudi
658 1992 899 2035 orationem
909 2007 1064 2036 meam:

348 2046 526 2088 auribus
573 2049 752 2101 percipe
800 2049 1064 2092 obsecratio-

243 2114 342 2142 nem
373 2115 515 2144 meam
546 2104 590 2145 in
617 2105 801 2148 veritate
828 2111 918 2148 tua:
943 2108 967 2134 *
995 2120 1065 2149 ex-

243 2157 345 2199 audi
364 2171 434 2200 me
452 2159 496 2200 in
514 2165 588 2201 tua
606 2161 777 2212 justitia.

294 2215 351 2256 Et
382 2227 469 2257 non
500 2216 635 2258 intres
663 2218 707 2258 in
734 2219 939 2270 judicium
967 2233 1066 2262 cum

243 2283 372 2312 servo
390 2276 483 2313 tuo:
497 2272 521 2298 *
538 2273 639 2324 quia
658 2287 745 2315 non
764 2276 1066 2327 justificabitur

243 2327 285 2368 in
305 2330 546 2381 conspectu
564 2334 641 2371 tuo
661 2332 803 2372 omnis
822 2333 984 2374 vivens.

295 2384 406 2434 Quia
450 2389 708 2437 persecutus
755 2393 822 2429 est
865 2389 1066 2431 inimicus

244 2440 432 2481 animam
475 2454 633 2483 meam:
668 2443 692 2468 *
734 2443 975 2487 humiliavit
1022 2447 1065 2487 in

242 2501 359 2538 terra
376 2497 511 2538 vitam
528 2511 680 2540 meam.

299 2553 540 2597 Collocavit
567 2569 637 2598 me
663 2557 706 2598 in
733 2557 931 2599 obscuris
954 2559 1067 2601 sicut
1126 2561 1129 2566 ’
1158 2562 1189 2615 '2²2

243 2613 441 2653 mortuos
468 2613 631 2654 saeculi:
653 2616 677 2640 *
702 2619 746 2655 et
774 2615 974 2656 anxiatus
1001 2621 1066 2657 est
1126 2614 1129 2617 ’
1164 2615 1170 2629 ’

245 2681 377 2721 super
395 2681 465 2710 me
484 2670 664 2722 spiritus
683 2683 816 2721 meus
835 2671 878 2712 in
895 2685 965 2713 me
980 2678 1065 2714 tur-

243 2724 396 2767 batum
415 2730 481 2767 est
501 2738 577 2767 cor
595 2740 750 2769 meum.

1166 288 1335 330 Memor
1360 288 1421 330 fui
1448 288 1617 330 dierum
1643 290 1937 342 antiquorum,

1115 344 1350 386 meditatus
1376 358 1472 386 sum
1502 346 1546 386 in
1572 346 1773 388 omnibus
1798 347 1937 400 operi-

1115 401 1196 442 bus
1225 401 1325 443 tuis:
1344 403 1368 429 *
1393 402 1438 443 in
1465 402 1590 444 factis
1617 405 1821 445 manuum
1846 407 1936 446 tua-

1115 471 1211 499 rum
1229 457 1485 500 meditabar.

1168 514 1371 567 Expandi
1402 528 1555 557 manus
1587 529 1708 557 meas
1740 516 1798 558 ad
1827 521 1886 559 te:
1914 519 1939 545 *

1118 571 1259 613 anima
1287 585 1384 614 mea
1419 572 1532 614 sicut
1559 577 1677 614 terra
1705 573 1798 615 sine
1826 586 1939 626 aqua

1116 627 1205 669 tibi.

1168 684 1391 726 Velociter
1415 685 1574 727 exaudi
1597 698 1666 728 me
1690 686 1893 728 Domine:
1915 687 1939 713 *

1117 739 1276 782 defecit
1294 741 1472 793 spiritus
1490 754 1625 783 meus,

1166 797 1267 839 Non
1292 799 1464 839 avertas
1488 798 1643 840 faciem
1665 803 1785 840 tuam
1809 811 1834 840 a
1855 812 1940 841 me:

1116 854 1140 879 *
1160 858 1204 895 et
1227 853 1379 895 similis
1404 867 1480 896 ero
1507 853 1872 897 descendentibus
1895 856 1939 897 in

1116 910 1271 951 lacum.

1169 966 1378 1008 Auditam
1401 967 1469 1008 fac
1493 967 1599 1008 mihi
1625 980 1751 1009 mane
1775 967 1940 1010 miseri-

1119 1023 1315 1065 cordiam
1330 1028 1464 1065 tuam:
1479 1025 1502 1050 *
1518 1024 1620 1076 quia
1638 1024 1682 1065 in
1699 1029 1742 1066 te
1756 1025 1940 1077 speravi.

1167 1080 1330 1122 Notam
1348 1080 1416 1122 fac
1434 1080 1538 1122 mihi
1551 1081 1676 1131 viam,
1695 1081 1738 1122 in
1754 1093 1840 1133 qua
1854 1083 1939 1122 am-

1116 1137 1279 1179 bulem:
1293 1138 1316 1164 *
1334 1137 1435 1190 quia
1455 1137 1511 1179 ad
1529 1142 1574 1179 te
1592 1137 1735 1179 levavi
1753 1138 1940 1179 animam

1117 1206 1271 1236 meam.

1169 1250 1303 1304 Eripe
1330 1263 1400 1292 me
1429 1250 1484 1292 de
1511 1250 1695 1292 inimicis
1719 1251 1828 1293 meis
1852 1251 1940 1293 Do-

1118 1307 1249 1358 mine,
1274 1307 1332 1349 ad
1349 1312 1394 1349 te
1413 1307 1603 1358 confugi:
1620 1308 1644 1334 *
1663 1307 1775 1349 doce
1793 1320 1864 1350 me
1882 1307 1940 1348 fa-

1118 1376 1217 1405 cere
1240 1363 1511 1406 voluntatem
1534 1369 1668 1414 tuam,
1697 1364 1799 1416 quia
1820 1364 1940 1406 Deus

1117 1433 1240 1462 meus
1261 1433 1307 1463 es
1326 1425 1384 1462 tu.

1168 1477 1355 1530 Spiritus
1379 1482 1479 1519 tuus
1500 1476 1643 1519 bonus
1663 1476 1853 1518 deducet
1870 1489 1940 1518 me

1118 1534 1162 1575 in
1195 1539 1357 1575 terram
1390 1539 1572 1576 rectam:
1599 1534 1623 1560 *
1650 1538 1835 1587 propter
1866 1546 1941 1575 no-

1119 1603 1218 1632 men
1241 1595 1365 1632 tuum
1382 1591 1570 1632 Domine
1593 1589 1835 1632 vivificabis
1860 1602 1941 1640 me,

1118 1647 1161 1687 in
1181 1647 1388 1699 aequitate
1407 1652 1492 1688 tua.

1168 1703 1343 1745 Educes
1369 1703 1424 1745 de
1449 1703 1728 1745 tribulatione
1753 1703 1941 1744 animam

1116 1773 1276 1802 meam:
1311 1761 1335 1786 *
1372 1765 1416 1802 et
1452 1761 1496 1801 in
1531 1759 1831 1802 misericordia
1866 1765 1942 1801 tua

1118 1816 1347 1869 disperdes
1367 1817 1565 1859 inimicos
1583 1829 1718 1859 meos.

1169 1874 1227 1915 Et
1250 1873 1411 1926 perdes
1438 1886 1607 1924 omnes,
1636 1874 1710 1926 qui
1733 1873 1942 1916 tribulant

1119 1931 1307 1972 animam
1321 1943 1476 1972 meam:
1491 1931 1515 1956 *
1531 1931 1737 1983 quoniam
1756 1942 1838 1981 ego
1854 1943 1941 1972 ser-

1119 2001 1199 2029 vus
1217 1992 1317 2029 tuus
1338 2000 1444 2028 sum.

1171 2052 1323 2094 Gloria
1339 2053 1470 2094 Patri.

1176 2118 1272 2158 Ant.
1318 2119 1380 2159 Ne
1420 2117 1714 2159 reminiscaris
1754 2117 1941 2159 Domine

1120 2175 1279 2217 delicta
1309 2179 1477 2224 nostra,
1509 2173 1579 2216 vel
1610 2175 1839 2226 parentum
1866 2187 1941 2216 no-

1119 2233 1324 2274 strorum:
1359 2243 1501 2283 neque
1527 2230 1764 2272 vindictam
1796 2243 1941 2272 sumas

1120 2288 1175 2330 de
1194 2287 1388 2341 peccatis
1407 2287 1581 2328 nostris.

1568 2369 1631 2376 mv

1340 2429 1379 2469 L
1406 2429 1424 2469 i
1450 2428 1473 2469 t
1500 2438 1531 2468 a
1556 2439 1592 2468 n
1618 2429 1635 2468 i
1662 2439 1717 2470 ae.

1163 2516 1173 2533 ’-
1184 2523 1200 2549 ;Υ
1219 2532 1230 2556 5
1244 2503 1336 2557 yrie
1355 2503 1530 2545 eleison.
1660 2490 1676 2502 ¹

1263 2559 1432 2602 Christe
1452 2559 1625 2600 eleison.

1180 2613 1197 2636 ³⁴³
1260 2616 1397 2669 Kyrie
1416 2615 1591 2657 eleison.

1121 2674 1291 2715 Christe
1311 2672 1413 2714 audi
1431 2685 1523 2714 nos.

1120 2730 1290 2772 Christe
1311 2729 1469 2771 exaudi
1490 2742 1581 2771 nos.
