2080 2990
525 209 698 243 Secunda
725 209 784 242 dic
812 209 906 243 infra
933 209 1010 242 Oct.
1038 209 1185 243 immac.
1211 211 1323 244 Cone.
1353 211 1388 244 Η.
1417 212 1459 244 M.
1487 213 1524 245 V.

1797 209 1866 243 389

177 308 410 360 propterea
465 307 614 348 faustis
664 306 783 348 hisce
836 305 996 346 nuntiis

176 362 381 415 gaudium
421 362 657 412 antecedit,
703 366 856 415 utpote
897 374 995 413 quae

177 419 375 460 omnibus
417 418 693 460 credentibus
733 418 894 469 gaudio
934 417 995 458 fu-

174 479 272 517 tura
300 480 433 517 erant.

230 534 279 584 R.
303 532 471 573 Hortus
497 531 727 573 conclusus
751 543 878 571 soror
899 543 995 572 mea

175 600 352 640 sponsa,
375 588 528 629 hortus
553 587 798 636 conclusus,
823 587 920 628 fons
943 588 995 627 si-

175 646 346 695 gnatus:
379 649 399 670 *
423 644 688 685 Emissiones
713 648 801 685 tuae
826 642 995 695 paradi-

175 714 259 750 sus,
278 714 304 742 ο
324 701 471 742 Maria.
508 700 557 748 V.
581 700 717 753 Aperi
735 699 851 749 mihi,
871 712 996 740 soror

174 770 281 807 mea,
299 759 437 798 amica
452 769 560 806 mea,
579 755 780 797 columba
794 768 902 805 mea,
919 756 994 796 im-

174 813 390 855 maculata
408 825 515 854 mea.
541 812 809 853 Emissiones
828 817 926 853 tuae.

461 864 609 904 Lectio
635 866 713 904 viii.

256 930 275 966 t
298 938 400 966 sane
423 926 703 977 par-omnino
729 930 836 974 erat,
864 930 911 966 ut
935 924 994 966 di-

272 984 372 1022 vina
397 980 544 1032 gaudii
567 979 836 1022 denuntiatio
861 994 885 1022 a
909 994 994 1023 ser-

174 1037 375 1078 monibus
411 1037 643 1089 verbisque
683 1036 888 1088 gaudium
924 1038 994 1079 eli-

175 1093 387 1135 cientibus
429 1097 620 1135 sumeret
662 1094 841 1134 initium.
894 1095 995 1134 Pro-

173 1151 323 1202 pterea
351 1150 464 1191 enim
493 1155 536 1192 et
564 1150 758 1201 Angelus
790 1149 995 1201 gaudium

174 1211 273 1248 ante
297 1206 441 1247 omnia
465 1207 695 1255 renuntiat,
719 1206 819 1258 quia
840 1206 994 1247 faustae

173 1262 402 1314 legationis
420 1276 511 1304 suae
529 1275 614 1304 non
634 1263 804 1312 ignorat
820 1263 994 1312 exitum,

174 1331 224 1359 ac
256 1319 395 1371 probe
427 1320 549 1360 novit
581 1319 847 1371 colloquium
876 1319 995 1371 quod

174 1374 434 1425 habebatur,
469 1376 512 1415 in
547 1377 681 1416 totius
714 1374 863 1416 mundi
894 1379 994 1426 gau-

175 1430 295 1472 dium
313 1431 538 1472 manifeste
560 1444 656 1472 esse
679 1435 913 1472 cessurum.
939 1432 996 1473 Et

174 1487 374 1539 profecto
409 1487 630 1539 quodnam
661 1487 886 1538 gaudium⁷
922 1493 996 1529 aut

177 1555 376 1595 quaenam
411 1544 592 1595 reperiri
623 1548 772 1595 potest
804 1544 994 1594 jucundi-

173 1604 256 1648 tas,
281 1611 410 1651 quam
430 1612 517 1640 non
537 1599 665 1650 longe
690 1599 873 1641 excedat
892 1600 994 1641 allo-

176 1655 323 1707 quium
350 1655 406 1696 ad
426 1656 651 1706 Virginem
678 1655 794 1697 illam
821 1656 995 1697 beatam

175 1724 226 1752 ac
244 1711 392 1762 gaudii
406 1713 631 1764 parentem
645 1712 862 1753 habitum?
883 1713 994 1753 Gau—

175 1767 229 1809 de
249 1780 275 1808 0
295 1767 621 1820 supercoelestis
637 1768 784 1819 gaudii
798 1769 995 1820 genitrix.

175 1823 329 1865 Gaude
360 1837 386 1865 o
420 1823 715 1865 sublimissimi
746 1824 894 1875 gaudii
921 1839 994 1866 nu-

173 1880 268 1921 trix.
305 1879 458 1921 Gaude
484 1893 510 1921 o
535 1879 735 1921 salutaris
761 1881 907 1931 gaudii
932 1895 994 1923 se-

174 1935 252 1977 des
270 1936 486 1988 princeps.
515 1936 669 1977 Gaude
690 1949 716 1977 0
737 1937 995 1978 immortalis

173 1991 321 2042 gaudii
339 1993 518 2033 auctrix.
547 1992 700 2034 Gaude
719 2005 745 2034 o
765 1993 995 2034 ineffabilis

174 2048 320 2099 gaudii
332 2049 564 2101 mySticum
574 2049 873 2090 diversorium.
890 2050 996 2090 Gau-

176 2104 230 2146 de
254 2118 280 2146 o
304 2103 591 2146 indeficientis
614 2104 760 2155 gaudii
781 2105 878 2146 fons
897 2105 994 2147 bea-

173 2161 350 2202 tissime.
404 2160 558 2202 Gaude
595 2173 620 2202 o
659 2160 807 2212 gaudii
843 2163 994 2203 aeterni

175 2216 386 2258 deiferum
410 2217 637 2258 cimelium.
670 2217 823 2259 Gaude
845 2231 870 2259 o
891 2218 993 2259 vivi-

174 2273 344 2314 ficantis
369 2273 517 2324 gaudii
540 2273 671 2314 arbor
695 2274 994 2315 virentissima.

176 2328 329 2370 Gaude
351 2342 376 2370 o
399 2330 582 2382 innupta
599 2330 682 2371 Dei
700 2330 849 2371 Mater.
882 2331 993 2372 Gau-

176 2383 231 2426 de
260 2397 286 2425 o
314 2385 451 2436 Virgo
479 2391 582 2438 post
612 2391 786 2438 partum
813 2387 993 2438 integer-

175 2440 292 2481 rima.
337 2441 491 2483 Gaude
519 2454 546 2483 o
575 2442 874 2494 spectaculum
901 2456 994 2494 prae

174 2497 442 2539 mirabilibus
479 2499 682 2540 omnibus
720 2512 886 2541 summe
921 2499 992 2540 ad-

175 2552 428 2594 mirandum.

227 2611 275 2663 Rv.
304 2609 551 2660 Magnificat
571 2612 713 2652 anima
731 2624 828 2653 mea
848 2612 993 2652 Domi-

175 2678 292 2705 num:
317 2668 337 2690 *
363 2665 475 2715 Quia
494 2666 597 2708 fecit
617 2667 723 2708 mihi
742 2680 899 2718 magna
920 2667 994 2719 qui

175 2726 332 2773 potens
348 2726 424 2771 est,
444 2726 488 2764 et
506 2728 703 2764 sanctum
719 2736 878 2765 nomen
893 2725 993 2775 ejus.

1053 302 1100 350 V.
1122 305 1237 346 Ecce
1264 305 1376 346 enim
1406 317 1460 346 ex
1486 303 1570 345 hoc
1597 304 1770 346 beatam
1796 317 1865 345 me

1047 361 1193 402 dicent
1221 374 1371 402 omnes
1399 361 1710 412 generationes.
1745 361 1865 410 Quia.

1052 418 1199 458 Gloria
1215 418 1346 459 Patri.
1374 418 1495 467 Quia.

1352 484 1499 525 Lectio
1519 487 1570 526 ix.

1053 527 1295 651 Quisnam
1330 548 1451 584 tuum
1485 543 1631 595 eloqui
1667 543 1865 595 splendo-

1144 613 1236 641 rem
1255 597 1440 652 poterit?
1467 599 1672 649 Quisnam
1692 602 1864 652 porten-

1045 662 1147 707 tum,
1168 656 1286 709 quod
1305 657 1401 709 ipsa
1421 669 1478 705 es,
1503 658 1704 697 enarrare
1722 657 1865 698 verbis

1046 711 1228 754 audeat?
1268 713 1476 763 Quisnam
1503 712 1866 763 magnificentiam

1045 775 1163 811 tuam
1188 769 1308 811 effari
1333 782 1379 810 se
1402 781 1533 822 posse
1558 767 1770 809 confidet?
1799 769 1866 809 Tu

1046 826 1269 867 hominum
1305 826 1526 867 exornasti
1563 828 1779 874 naturam3
1820 830 1867 866 tu

1047 883 1315 933 Angelorum
1346 882 1520 923 ordines
1554 882 1788 934 superasti3
1819 887 1866 922 tu

1047 940 1238 990 fulgores
1277 938 1651 989 Archangelorum
1693 937 1867 979 obtene-

1047 996 1198 1045 brasti3
1218 1000 1265 1036 tu
1285 995 1492 1036 sublimes
1509 995 1785 1036 Thronorum
1805 1008 1867 1036 se-

1048 1052 1125 1093 des
1145 1052 1254 1092 infra
1274 1056 1318 1093 te
1343 1051 1587 1101 ostendisti;
1614 1056 1661 1092 tu
1682 1050 1868 1092 altitudi—

1046 1121 1145 1149 nem
1160 1108 1517 1149 Dominationum
1534 1107 1802 1160 depressisti3
1822 1113 1868 1148 tu

1046 1164 1372 1216 Principatuum
1389 1163 1618 1205 ducatibus
1634 1176 1869 1216 praecueur-

1047 1221 1157 1269 risti3
1176 1226 1223 1261 tu
1243 1220 1459 1261 enervasti
1475 1220 1772 1260 fortitudinem
1786 1220 1866 1260 Po-

1046 1278 1268 1326 testatum3
1282 1281 1330 1317 tu
1344 1276 1452 1328 ipsis
1464 1275 1710 1317 Virtutibus
1724 1277 1868 1327 poten·

1047 1333 1134 1373 tior
1158 1333 1295 1373 virtus
1318 1331 1536 1384 prodiisti;
1563 1337 1610 1373 tu
1636 1331 1867 1373 Cherubim

1048 1388 1386 1430 oculatissimum
1418 1388 1557 1429 visum
1588 1387 1867 1429 terrestribus

1048 1445 1183 1486 oculis
1202 1445 1357 1494 vicisti3
1376 1450 1424 1486 tu
1439 1444 1665 1497 Seraphim
1685 1457 1762 1485 sex
1776 1444 1867 1484 alas

1047 1501 1296 1542 habentium
1326 1501 1498 1542 volatus
1532 1501 1685 1541 animae
1714 1500 1867 1552 pennis

1048 1558 1252 1599 divinitus
1285 1557 1457 1607 agitatis
1489 1556 1785 1605 transvolasti3
1820 1561 1868 1596 tu

1048 1613 1235 1665 denique
1264 1626 1435 1654 omnem
1467 1616 1711 1654 creaturam
1740 1612 1867 1662 longe

1046 1671 1316 1720 transgressa
1348 1682 1412 1719 es3
1450 1669 1611 1721 quippe
1646 1681 1742 1720 quae
1774 1681 1866 1720 prae

1048 1727 1165 1767 omni
1198 1729 1397 1767 creatura
1434 1726 1626 1766 enituisti
1661 1725 1867 1777 puritate3

1048 1787 1091 1824 et
1119 1782 1310 1823 omnium
1338 1784 1633 1822 ereaturarum
1663 1780 1866 1821 Condito-

1046 1851 1139 1880 rem
1166 1838 1210 1878 in
1237 1843 1280 1879 te
1311 1837 1537 1889 excepisti3
1564 1837 1795 1889 ipsumque
1823 1841 1866 1877 et

1047 1895 1144 1935 sinu
1174 1898 1250 1935 tuo
1285 1893 1484 1944 gestasti,
1517 1898 1560 1934 et
1586 1892 1791 1943 genuisti3
1824 1898 1866 1933 et

1048 1950 1142 1991 sola
1161 1963 1213 1991 ex
1233 1949 1434 1991 omnibus
1453 1949 1663 1991 creaturis
1681 1949 1763 1990 Dei
1778 1949 1865 1990 Ma-

1047 2011 1114 2048 ter
1133 2006 1287 2047 effecta
1306 2018 1362 2046 es.

1099 2064 1162 2103 Te
1180 2062 1322 2103 Deum
1340 2061 1576 2103 laudamus.
1597 2062 1655 2102 14.

1102 2124 1139 2157 ln
1167 2124 1362 2157 Laudibus
1388 2135 1626 2159 commemor.
1655 2126 1783 2159 Feriae.

1099 2177 1138 2209 ln
1159 2176 1340 2218 vesperis
1368 2188 1499 2211 comm.
1522 2178 1642 2211 Fcriae
1670 2184 1704 2212 et
1723 2180 1756 2211 S.
1776 2179 1861 2212 Mel-

1046 2224 1194 2258 ehiadis
1222 2224 1335 2267 Papae
1362 2231 1396 2259 ct
1421 2226 1525 2259 Mart.

1100 2273 1195 2311 Ant.
1233 2272 1317 2313 Iste
1347 2276 1521 2313 sanctus
1549 2284 1630 2324 pro
1659 2271 1755 2322 lege
1783 2270 1864 2311 Dei

1047 2328 1112 2368 sui
1132 2328 1314 2369 certavit
1333 2341 1470 2380 usque
1490 2327 1546 2369 ad
1563 2333 1759 2376 mortem,
1779 2331 1822 2368 et
1841 2340 1864 2367 a

1046 2383 1192 2426 verbis
1218 2384 1450 2436 impiorum
1477 2397 1563 2425 non
1590 2385 1746 2424 timuit:
1776 2383 1864 2423 fun-

1047 2439 1174 2481 datus
1219 2441 1333 2481 enim
1383 2445 1475 2482 erat
1523 2453 1655 2492 supra
1698 2440 1864 2480 firmam

1046 2501 1225 2548 petram.

1098 2551 1146 2603 Y.
1183 2556 1334 2598 Gloria
1369 2562 1412 2598 et
1443 2556 1609 2598 honore
1645 2555 1863 2598 coronasti

1046 2625 1144 2653 eum
1179 2613 1377 2654 Domine.
1421 2615 1469 2664 R.
1510 2613 1567 2654 Et
1604 2611 1864 2654 constituisti

1046 2681 1144 2709 eum
1185 2682 1316 2722 super
1357 2671 1491 2722 opera
1531 2671 1736 2710 manuum
1774 2669 1862 2708 tua-

1045 2737 1151 2765 rum.
