2040 2990
627 195 739 227 Sexta
769 194 829 227 (lic
857 194 952 227 infra
980 195 1162 227 Octavam
1191 193 1431 236 Epiphaniae.

182 307 309 342 mum,
329 293 585 333 invenerunt
605 294 789 343 puerum
806 303 905 331 curn
920 291 1007 331 Ma—

183 352 245 390 ria
268 354 408 390 matre
429 349 536 400 ejus,
562 352 605 389 et
626 346 909 399 procidentes
934 347 1006 388 ad-

182 407 415 447 orave'runt
435 418 544 446 eum.
572 404 796 446 Videntes.

464 476 615 517 Lectio
637 477 719 516 viii.

257 550 275 586 t
294 545 354 586 illi
375 544 578 587 dixerunt
599 544 653 585 ei:
677 544 727 584 In
748 542 1007 584 Bethlehem

284 602 308 642 J
310 601 461 643 uda'eae.
485 601 783 643 Librariorum
798 600 868 641 hic
886 612 1007 641 error

183 662 259 699 est.
287 658 497 699 Putamus
519 658 633 699 enim
653 656 708 698 ab
727 656 1008 707 Evangelista

182 715 371 767 primurn
392 714 572 764 editum,
604 714 717 755 sicut
740 714 783 753 in
802 713 899 766 ipso
921 714 1007 754 He-

181 770 334 813 braico
354 772 548 822 legimus,
567 771 590 811 J
592 770 703 819 udae,
722 783 809 811 non
829 770 853 810 J
856 770 1007 811 udaeae.

183 829 291 878 Quae
338 833 405 870 est
444 829 559 869 enim
596 827 778 868 aliarum
814 827 1008 877 gentium

182 885 457 934 Bethlehem,
507 889 555 925 ut
592 883 647 925 ad
683 883 1008 925 distinctiOnem

183 942 291 992 ejus,
318 941 389 982 hic
407 940 573 982 Judaeae
593 938 853 993 poneretur?
881 939 1007 982 Judae

183 1002 332 1039 autem
360 997 525 1039 idcirco
555 996 778 1046 scribitur,
813 997 913 1048 quia
942 1002 1008 1039 est

183 1059 227 1096 et
251 1054 336 1096 alia
355 1053 613 1096 Bethlehem
636 1054 679 1094 in
700 1053 894 1095 Galilaea.
930 1054 1007 1095 Le-

181 1124 235 1161 ge
254 1111 413 1152 librum
431 1111 454 1151 J
458 1123 535 1152 esu
554 1110 631 1151 filii
646 1111 780 1153 Nave.
808 1110 1009 1163 Denique

183 1173 226 1209 et
246 1168 289 1208 in
308 1168 406 1220 ipso
427 1167 695 1218 testimenio,
717 1167 836 1221 quod
856 1167 911 1209 de
931 1167 1008 1208 Mi-

183 1225 317 1266 chaeae
347 1224 581 1277 prophetia
603 1230 826 1277 sumptum
851 1229 929 1274 est,
948 1224 1009 1265 ita

183 1280 388 1323 habetur:
434 1281 490 1322 Et
521 1285 570 1322 tu
602 1281 860 1323 Bethlehem
892 1285 1010 1322 terra

182 1338 206 1378 J
209 1337 306 1379 uda.

233 1400 284 1451 R.
305 1399 518 1441 Videntes
538 1399 710 1442 stellam
728 1399 854 1450 Magi,
873 1398 1012 1450 gavisi

185 1461 285 1498 Sunt
303 1456 466 1507 gaudio
486 1469 660 1508 magno:
678 1455 701 1477 *
723 1457 780 1497 Et
799 1456 1011 1498 intrantes
1073 1466 1075 1468 ·
1101 1454 1152 1495 ἶ

186 1512 364 1554 domum
400 1513 657 1554 invenerunt
693 1516 879 1565 puerum
913 1525 1011 1554 cum

185 1569 323 1610 Maria
349 1574 489 1611 matre
517 1570 629 1621 ejus,
662 1574 705 1611 et
730 1568 1011 1622 procidentes

185 1625 480 1667 adoraverunt
499 1639 613 1667 eum:
627 1628 649 1650 *
667 1626 723 1667 Et
741 1626 904 1678 apertis
920 1625 1010 1667 the-

186 1682 324 1723 sauris
353 1682 442 1723 suis
470 1682 723 1724 obtulerunt
752 1683 791 1723 ei
818 1685 1011 1731 munera,

186 1752 349 1788 aurum,
368 1738 484 1787 thuS,
508 1743 551 1780 et
570 1739 802 1791 myrrham.
830 1733 879 1785 Y.
904 1739 1011 1780 Stel-

185 1795 237 1844 la,
259 1808 390 1848 quam
411 1794 609 1837 viderant
625 1796 742 1846 Magi
761 1795 805 1836 in
822 1795 1012 1845 Oriente,

186 1851 477 1894 antecedebat
506 1864 602 1902 eos,
638 1865 777 1905 usque
811 1852 915 1894 dum
943 1854 1012 1894 ve-

187 1909 310 1950 niens
340 1913 476 1950 staret
504 1921 637 1961 supra
667 1908 743 1950 ubi
771 1914 865 1951 erat
893 1922 1013 1962 puer.

187 1965 243 2006 Et
263 1965 485 2007 intrantes.
516 1963 676 2007 Gloria.
704 1966 761 2007 Et
781 1965 955 2018 apertis.

486 2038 635 2079 Lectio
656 2039 709 2078 ix.

266 2104 284 2140 t
304 2101 467 2152 apertis
485 2100 701 2142 thesauris
722 2101 827 2151 suis,
847 2100 1012 2143 obtule-

280 2162 380 2198 runt
405 2158 444 2198 ei
470 2160 666 2206 munera,
701 2170 869 2207 aurum,
900 2158 1014 2207 thus,

189 2218 233 2254 et
264 2213 496 2264 myrrham.
540 2213 835 2255 Pulcherrime
867 2218 1013 2256 mune-

189 2282 285 2310 rum
305 2272 579 2311 sacramenta
593 2270 616 2309 J
619 2272 811 2311 uvencus
830 2270 1014 2323 Presby—

189 2330 257 2367 ter
289 2339 376 2367 uno
409 2326 627 2368 versiculo
666 2327 1014 2379 comprehendit:

192 2382 331 2431 Thus,
358 2395 528 2432 aurum,
547 2383 783 2434 myrrham,
803 2384 1014 2435 Regique,

190 2439 461 2491 hominique,
498 2440 682 2491 De6que
715 2439 830 2481 dona
862 2441 1015 2482 ferunt.

191 2496 248 2537 Et
267 2497 482 2548 respenso
503 2497 687 2548 accepto
702 2496 745 2536 in
765 2497 940 2546 somnis,
962 2511 1014 2539 ne

192 2551 384 2593 redirent
418 2552 474 2593 ad
502 2552 742 2601 Heredem,
774 2566 854 2605 per
887 2554 1015 2594 aliam

192 2609 306 2650 viam
330 2609 495 2650 reversi
520 2614 621 2650 sunt
644 2609 686 2649 in
707 2610 930 2660 regionem
949 2609 1015 2651 su-

193 2678 274 2707 am.
317 2665 400 2715 Qui
435 2668 616 2706 munera
649 2665 900 2707 obtulerant
929 2666 1015 2707 Do—

192 2722 321 2770 mino,
341 2723 658 2774 consequenter
674 2724 933 2774 responsum
948 2735 1015 2764 ac-

1061 290 1238 342 cipiunt,
1258 303 1344 332 non
1363 304 1443 344 per
1458 290 1687 342 Angelum,
1706 290 1785 332 sed
1804 303 1883 343 per

1059 347 1204 399 ipsum
1243 348 1496 389 Dominum:
1540 353 1588 390 ut
1627 347 1883 389 meritorum

1059 404 1083 444 J
1087 403 1226 457 oseph
1258 405 1537 457 privilegium
1565 403 1883 446 demonstrare-

1060 466 1141 502 tur.
1170 461 1469 503 Revertuntur
1491 466 1638 503 autem
1656 474 1735 514 per
1755 460 1884 502 aliam

1060 518 1191 559 viam:
1239 519 1341 571 quia
1380 518 1629 560 infidelitati
1671 516 1885 559 miscendi

1061 587 1147 616 non
1168 580 1291 616 erant
1309 576 1334 616 J
1336 575 1575 617 udaeorum.

1113 633 1176 674 Te
1195 633 1339 674 Deum
1361 631 1602 674 laudamus.
1629 633 1688 672 14.

1115 697 1184 738 Ad
1214 697 1375 738 Bened.
1412 698 1511 737 Ant.
1555 697 1720 738 Omnes
1749 696 1885 737 natio-

1060 769 1138 798 nes
1166 755 1189 781 *
1218 755 1393 797 venient
1422 767 1447 796 a
1474 755 1626 806 longe,
1657 755 1885 806 portantes

1061 815 1241 854 munera
1260 825 1348 862 sua,
1368 811 1550 863 alleluja.

1115 877 1185 918 Ad
1211 876 1382 927 Magnis.
1415 877 1514 918 Ant.
1550 877 1715 918 Omnes
1739 874 1794 916 de
1813 873 1885 915 Sa·

1062 934 1118 976 ba
1138 934 1160 959 *
1181 934 1373 983 venient,
1401 946 1553 975 aurum
1577 937 1621 975 et
1644 931 1746 974 thus
1771 930 1885 972 defe-

1062 993 1218 1039 rentes,
1238 990 1419 1042 alleluja,
1438 989 1620 1042 alleluja.

1249 1130 1280 1171 S
1309 1139 1335 1170 e
1361 1140 1396 1170 x
1422 1129 1444 1169 t
1471 1138 1502 1169 a
1545 1128 1586 1168 D
1615 1127 1633 1168 i
1660 1136 1700 1168 e.

1300 1205 1349 1243 In
1373 1205 1403 1243 Ι.
1427 1204 1648 1244 Nocturno.

1154 1275 1223 1316 De
1250 1274 1451 1327 Epistola
1474 1274 1531 1316 ad
1558 1274 1797 1315 Romanos.

1183 1344 1337 1385 Lectio
1359 1344 1382 1384 i.
1592 1343 1695 1395 Cap.
1714 1342 1773 1382 15.

1137 1406 1375 1482 χἦεῑὶκέιῐιιιε
1400 1410 1548 1448 autem
1572 1416 1653 1445 nos
1672 1402 1888 1444 firmiores

1100 1492 1121 1519 γ
1139 1470 1143 1472 ’
1179 1489 1187 1518 μ
1221 1463 1542 1506 imbecillitates
1614 1460 1889 1502 infirmorum

1123 1519 1186 1546 ΡΛ
1221 1522 1449 1571 sustinere,
1476 1525 1519 1562 et
1541 1531 1629 1560 non
1653 1517 1780 1560 nobis
1799 1515 1888 1570 pla-

1065 1582 1175 1622 cere.
1221 1579 1532 1630 Unusquisque
1563 1579 1759 1618 vestrum
1789 1575 1889 1626 pro—

1064 1637 1182 1678 ximo
1202 1648 1282 1677 suo
1301 1635 1476 1688 placeat
1495 1634 1539 1674 in
1557 1633 1738 1681 bonum,
1758 1630 1816 1672 ad
1834 1643 1888 1671 ae-

1065 1694 1371 1736 dificationem.
1397 1691 1571 1733 Etenim
1584 1689 1783 1731 Christus
1801 1699 1891 1729 non

1065 1750 1149 1792 sibi
1162 1749 1340 1803 placuit,
1360 1747 1440 1790 sed
1456 1747 1567 1789 sicut
1582 1745 1794 1798 scriptum
1808 1749 1890 1786 est:

1065 1806 1339 1860 Improperia
1379 1803 1772 1857 improperantium
1809 1801 1891 1843 tibi

1066 1863 1319 1906 ceciderunt
1339 1874 1470 1915 super
1485 1873 1566 1902 me.
1590 1861 1890 1912 Quaecumque

1066 1921 1181 1963 enim
1202 1921 1366 1973 scripta
1385 1923 1501 1969 sunt,
1521 1917 1577 1960 ad
1596 1922 1794 1959 nostram
1814 1915 1889 1958 do-

1066 1980 1250 2020 ctrinam
1266 1977 1429 2030 scripta
1444 1980 1559 2017 sunt:
1573 1979 1622 2016 ut
1634 1986 1715 2027 per
1724 1973 1889 2027 patien-

1065 2036 1172 2077 tiam
1203 2039 1247 2077 et
1274 2033 1622 2075 consolationem
1648 2030 1889 2084 Scriptura-

1067 2106 1173 2142 rum,
1192 2104 1318 2144 spem
1335 2090 1587 2132 habeamus.

1120 2155 1171 2206 R.
1203 2156 1308 2197 Tria
1341 2159 1442 2196 sunt
1471 2157 1653 2196 munera
1684 2152 1889 2206 pretiosa,

1068 2226 1166 2266 quae
1199 2212 1450 2254 obtulerunt
1477 2211 1594 2263 Magi
1621 2209 1814 2251 Demino
1846 2208 1890 2249 in

1068 2270 1139 2312 die
1174 2269 1273 2317 ista,
1313 2273 1356 2310 et
1390 2267 1554 2309 habent
1585 2267 1628 2308 in
1662 2279 1710 2308 se
1743 2265 1889 2308 divina

1066 2325 1290 2378 mysteria:
1312 2323 1334 2345 *
1352 2325 1402 2365 In
1423 2337 1544 2373 auro,
1564 2328 1612 2365 ut
1631 2321 1890 2364 ostendatur

1068 2383 1202 2434 Regis
1222 2381 1435 2434 potentia:
1454 2381 1498 2421 in
1516 2380 1659 2429 thure,
1678 2379 1889 2421 Sacerdo-

1067 2445 1156 2481 tem
1175 2451 1380 2490 magnum
1398 2437 1644 2479 considera:
1663 2442 1707 2478 et
1721 2437 1764 2477 in
1778 2449 1889 2488 myr-

1068 2495 1156 2546 rha,
1170 2495 1445 2546 Dominicam
1461 2494 1740 2546 sepulturam.
1759 2487 1809 2537 V·
1825 2493 1891 2535 Sa-

1068 2553 1170 2594 lutis
1193 2557 1357 2593 nostrae
1381 2553 1607 2592 auctorem
1627 2551 1888 2601 Magivene-

1068 2609 1152 2651 rati
1180 2613 1279 2650 sunt
1305 2608 1347 2648 in
1372 2607 1616 2657 cunabulis,
1646 2614 1689 2650 et
1717 2607 1773 2649 de
1798 2607 1889 2649 the-

1069 2666 1208 2707 sauris
1236 2665 1325 2706 suis
1356 2665 1563 2716 mysticas
1596 2665 1636 2706 ei
1662 2668 1890 2706 munerum

1069 2722 1239 2775 species
1259 2721 1522 2763 obtulerunt.
1551 2722 1602 2762 In
1621 2734 1739 2763 auro.
