2040 2990
540 215 641 249 Infra
666 216 958 250 Hebdomadani
983 218 1019 251 ii.
1044 223 1134 260 post
1159 218 1424 261 Epiphaniam.

1760 223 1831 258 289

432 314 581 355 Lectio
602 315 654 354 iii.

137 370 299 477 Nam
321 382 358 422 si
380 383 639 425 ministratio
665 383 953 426 damnationis

235 437 374 488 gloria
398 443 478 480 est:
504 439 642 481 multo
662 440 801 491 magis
821 440 952 482 abun-

134 493 210 535 dat
232 494 518 536 ministerium
541 496 715 547 justitiae
738 497 781 537 in
804 497 952 548 gloria.

132 550 245 591 Nam
275 563 357 592 nec
387 551 678 603 glorificatum
710 557 794 602 est,
834 554 953 605 quod

133 606 287 648 claruit
304 607 348 647 in
366 607 448 648 hac
462 613 597 660 parte,
616 613 799 661 propter
813 610 951 652 excel-

132 662 294 704 lentem
307 663 501 714 gloriam.
529 665 573 706 Si
593 665 706 706 enim
722 666 841 718 quod
856 679 951 708 eva-

132 721 295 770 cuatur,
314 733 395 772 per
412 720 597 771 gloriam
612 727 693 763 est:
711 722 849 764 multo
864 737 951 764 ma-

129 776 195 826 gis
215 776 334 828 quod
351 782 512 828 manet,
535 778 578 818 in
596 778 735 830 gloria
754 783 830 821 est.
863 780 949 821 Ha-

127 831 281 873 bentes
312 833 443 883 igitur
471 834 603 876 talem
635 847 776 887 spem,
806 835 942 878 multa

127 887 287 929 fiducia
310 889 487 931 utimur:
515 896 558 932 et
582 903 669 932 non
695 891 807 933 sicut
830 892 950 944 Moy-

128 957 198 986 ses
218 945 413 997 ponebat
426 946 625 989 velamen
644 961 776 1000 super
794 948 950 990 faciem

127 1013 259 1051 suam,
274 1006 322 1043 ut
335 1014 423 1043 non
437 1002 712 1046 intenderent
725 1004 803 1045 filii
814 1005 950 1046 Israel

126 1057 170 1097 in
185 1057 340 1099 feciem
356 1059 457 1110 ejus,
475 1059 593 1111 quod
609 1063 855 1111 evacuatur,
871 1062 950 1103 sed

127 1112 273 1155 obtusi
298 1120 399 1157 sunt
423 1128 576 1171 sensus
601 1119 762 1158 eorum.
799 1118 948 1170 Usque

125 1170 168 1210 in
193 1169 451 1212 hodiernum
477 1173 590 1213 enim
617 1173 733 1215 diem
757 1174 948 1227 idipsum

126 1225 325 1268 velamen
343 1227 387 1268 in
406 1227 594 1271 lectione
614 1230 776 1271 veteris
796 1231 947 1273 Testa-

125 1283 259 1324 menti
282 1289 429 1326 manet
453 1297 539 1326 non
559 1286 817 1336 revelatum,
844 1290 947 1339 quo-

125 1338 240 1380 niam
258 1340 302 1380 in
323 1340 496 1383 Christo
517 1345 763 1389 evacuatur.

181 1411 232 1463 Κ.
242 1412 507 1456 Benedicam
521 1415 756 1458 Dominum
772 1417 816 1458 in
831 1419 948 1458 omni

124 1470 337 1521 tempore:
355 1468 378 1491 *
390 1471 571 1525 Semper
589 1472 684 1514 laus
702 1474 792 1525 ejus
811 1474 855 1514 in
871 1487 947 1516 ore

68 1576 71 1578 Ι
124 1536 234 1565 meo.
256 1517 306 1569 V.
323 1526 374 1567 In
388 1526 579 1570 Domino
594 1528 843 1571 laudabitur
859 1531 945 1571 ani-

124 1593 195 1621 ma
212 1594 325 1631 mea,
351 1582 531 1627 audiant
554 1586 786 1636 mansueti,
813 1591 857 1628 et
875 1587 946 1628 lae-

123 1638 276 1678 tentur.
303 1638 494 1692 Semper.
526 1641 684 1683 Gloria.
711 1643 903 1696 Semper.

177 1708 440 1752 Responsoria
472 1710 507 1745 in
534 1711 604 1746 hac
634 1718 670 1746 et
695 1723 799 1757 sequ.
824 1714 947 1749 Feriis

126 1757 255 1799 posita
290 1762 513 1800 repetuntur
555 1759 591 1793 in
628 1760 750 1795 Feriis
788 1773 947 1810 sequen—

126 1804 220 1839 tium
240 1804 363 1839 Hebd.
389 1816 510 1850 usque
536 1808 584 1842 ad
605 1808 946 1853 Scptuagesimam.

309 1925 491 1962 Feria
529 1926 763 1966 Tertia.

124 1985 189 2026 De
199 1984 398 2037 Epistola
413 1986 605 2029 secunda
618 1988 675 2030 ad
686 1988 944 2034 Corinthios.

227 2054 378 2095 Lectio
399 2055 421 2094 i.
686 2056 787 2107 Cap.
807 2057 843 2096 5.

125 2123 184 2174 ⁶5³3
195 2118 330 2160 cimus
363 2120 477 2161 enim
511 2123 717 2173 quoniam
749 2125 785 2165 si
812 2128 943 2167 terre-

130 2176 189 2218 2532]
212 2176 314 2217 stris
334 2176 492 2219 domus
511 2184 663 2220 nostra
681 2179 806 2231 hujus
826 2181 943 2224 habi-

121 2232 300 2273 tationis
320 2232 596 2285 dissolvatur,
619 2236 739 2287 quod
758 2237 943 2280 aedifiea-

122 2287 286 2329 tionem
312 2301 365 2330 ex
390 2289 487 2331 Deo
511 2290 738 2342 habemuS,
766 2293 944 2336 domum

122 2355 210 2384 non
234 2345 540 2396 manufeictam,
566 2349 774 2390 aeternam
793 2350 838 2390 in
858 2363 943 2392 coe-

122 2398 186 2439 lis.
225 2400 338 2441 Nam
365 2406 409 2442 et
433 2402 477 2442 in
503 2402 587 2444 hoc
611 2404 943 2457 ingemiscimus,

123 2454 437 2498 habitationem
480 2465 689 2511 nostram,
745 2474 843 2513 quae
888 2462 943 2504 de

123 2510 237 2552 coelo
258 2517 340 2562 est,
365 2515 620 2566 superindui
640 2518 880 2570 cupientes:
907 2519 943 2559 si

122 2570 268 2608 tamen
299 2570 461 2621 vestiti,
499 2584 585 2613 non
617 2573 723 2615 nudi
754 2574 942 2616 invenia-

122 2635 229 2664 mur.
259 2623 374 2666 Nam
393 2631 437 2668 et
456 2628 529 2680 qui
548 2641 698 2670 sumus
717 2630 761 2670 in
780 2630 864 2672 hoc
882 2635 942 2672 ta-

122 2679 374 2731 bernaculo,
406 2682 730 2734 ingemiscimus
758 2687 942 2738 gravati:

123 2747 176 2776 eo
205 2736 325 2788 quod
350 2737 551 2783 nolumus
580 2742 834 2794 exspoliari,
863 2742 943 2785 sed

1007 317 1307 368 supervestiri,
1334 322 1382 359 ut
1403 317 1690 360 absorbeatur
1710 321 1829 372 quod

1006 373 1192 414 mortale
1212 379 1288 423 est,
1310 387 1335 414 a
1353 375 1452 415 vita.

1063 441 1113 493 R.
1139 438 1332 480 Auribus
1357 440 1536 491 percipe
1561 440 1681 482 Deus
1706 442 1828 484 lacri-

1005 507 1099 535 mas
1118 507 1253 536 meas:
1277 508 1331 536 ne
1351 495 1481 537 sileas
1501 509 1525 537 a
1544 510 1629 543 me,
1656 502 1828 541 remitte

1004 550 1126 591 mihi:
1154 555 1176 578 *
1197 552 1413 602 Quoniam
1445 553 1585 594 incola
1619 567 1700 605 ego
1733 569 1828 597 sum

1005 607 1123 659 apud
1137 613 1191 657 te,
1211 613 1255 649 et
1270 611 1536 660 peregrinus.
1560 604 1607 655 Y.
1627 610 1826 664 Compla-

1005 668 1101 704 ceat
1129 664 1225 714 tibi,
1258 670 1306 706 ut
1335 666 1494 718 eripias
1522 679 1606 707 me:
1639 667 1826 710 Domine

1004 719 1061 761 ad
1087 720 1379 772 adjuvandum
1407 735 1477 764 me
1505 723 1671 764 festina.
1713 726 1826 775 Quo-

1003 789 1128 817 niam.

1319 839 1472 879 Lectio
1494 839 1530 878 ii.

1079 902 1263 945 udentes
1282 905 1412 955 igitur
1431 919 1614 958 semper,
1639 907 1826 949 scientes

1105 960 1312 1010 quoniam
1344 961 1448 1003 dum
1479 976 1630 1004 sumus
1658 964 1701 1004 in
1735 966 1826 1005 cor-

1001 1028 1121 1068 pore,
1136 1018 1463 1068 peregrinamur
1478 1032 1503 1059 a
1513 1020 1718 1062 Domino:
1734 1022 1827 1073 (per

1001 1071 1133 1113 fidem
1154 1074 1267 1114 enim
1283 1074 1565 1126 ambulamus,
1587 1082 1629 1117 et
1644 1090 1731 1118 non
1747 1091 1826 1130 per

1002 1129 1209 1180 speciem)
1242 1130 1452 1172 audemus
1481 1137 1643 1182 autem,
1680 1138 1723 1175 et
1751 1134 1825 1175 bo-

1000 1197 1100 1225 nam
1134 1186 1404 1228 voluntatem
1443 1188 1654 1230 habemus
1686 1192 1825 1241 magis

1000 1242 1270 1293 peregrinari
1294 1256 1319 1284 a
1341 1245 1542 1296 corpore,
1569 1251 1612 1286 et
1636 1249 1824 1298 praesen—

999 1302 1066 1338 tes
1087 1311 1183 1340 esse
1199 1299 1256 1341 ad
1271 1299 1517 1342 Dominum.
1539 1302 1596 1343 Et
1610 1302 1711 1344 ideo
1726 1315 1824 1344 con-

999 1353 1218 1396 tendimus
1241 1356 1331 1398 sive
1357 1356 1576 1407 absentes,
1606 1359 1697 1400 sive
1715 1372 1823 1412 prae-

1000 1412 1161 1460 sentes,
1192 1412 1366 1464 placere
1398 1414 1471 1454 illi.
1513 1414 1675 1457 Omnes
1710 1417 1824 1457 enim

999 1479 1080 1508 nos
1110 1469 1379 1511 manifestari
1411 1473 1588 1523 oportet
1620 1476 1720 1514 ante
1752 1474 1823 1515 tri-

999 1522 1132 1565 bunal
1155 1524 1326 1575 Christi,
1351 1531 1399 1568 ut
1417 1527 1577 1569 referat
1596 1532 1822 1582 unusquis-

1000 1593 1084 1631 que
1103 1582 1282 1634 propria
1297 1583 1506 1635 corporis,
1526 1590 1658 1637 prout
1677 1587 1823 1637 gessit,

999 1637 1091 1678 sive
1110 1637 1285 1688 bonum,
1308 1639 1399 1681 sive
1418 1640 1590 1681 malum.

1056 1703 1106 1754 Rv.
1141 1702 1303 1745 Statuit
1334 1705 1550 1747 Dominus
1583 1719 1716 1759 supra
1750 1720 1821 1760 pe-

998 1763 1111 1799 tram
1128 1759 1266 1812 pedes
1290 1773 1430 1811 meos,
1457 1767 1501 1803 et
1526 1762 1683 1805 direxit
1705 1777 1820 1815 gres-

998 1828 1072 1856 sus
1103 1829 1226 1858 meos
1256 1817 1392 1859 Deus:
1420 1823 1440 1844 *
1459 1819 1516 1860 Et
1547 1819 1664 1861 misit
1695 1820 1738 1860 in
1770 1833 1820 1861 os
1874 1837 1875 1842 ¹

997 1884 1142 1913 meum
1162 1873 1380 1914 canticum
1402 1887 1574 1916 novum.
1604 1872 1652 1923 V.
1678 1876 1818 1918 Exau-

998 1927 1106 1970 divit
1136 1941 1291 1981 preces
1324 1942 1461 1972 meas:
1494 1936 1537 1973 et
1570 1931 1719 1975 eduxit
1750 1946 1820 1975 me

998 1983 1052 2025 de
1070 1983 1169 2026 lacu
1187 1986 1384 2028 miseriae.
1412 1987 1469 2029 Et
1486 1987 1614 2030 misit.

1302 2062 1451 2103 Lectio
1472 2063 1524 2102 iii.

1066 2125 1230 2167 cientes
1263 2137 1367 2176 ergo
1401 2125 1605 2168 timorem
1639 2128 1817 2169 Domini

1077 2181 1324 2223 hominibus
1348 2182 1597 2234 suademus,
1624 2184 1722 2226 Deo
1746 2198 1818 2227 au-

995 2243 1084 2280 tem
1102 2238 1317 2280 manifesti
1332 2252 1491 2280 sumus.
1519 2240 1658 2293 Spero
1673 2246 1817 2283 autem

997 2300 1039 2336 et
1072 2295 1116 2335 in
1148 2295 1423 2337 conscientiis
1450 2298 1609 2339 vestris
1642 2298 1816 2339 manife-

996 2356 1090 2392 stos
1120 2363 1200 2392 nos
1235 2364 1342 2393 esse.
1381 2351 1483 2394 Non
1512 2355 1670 2395 iterum
1701 2366 1816 2395 com-

995 2407 1250 2449 mendamus
1269 2421 1350 2450 nos
1368 2408 1506 2459 vobis,
1525 2409 1604 2451 sed
1624 2410 1816 2451 occasio-

994 2476 1094 2504 nem
1130 2463 1283 2505 damus
1320 2464 1446 2506 vobis
1484 2465 1698 2517 gloriandi
1732 2478 1814 2518 pro

994 2519 1137 2561 nobis:
1168 2525 1216 2562 ut
1245 2520 1444 2562 habeatis
1476 2521 1532 2563 ad
1564 2534 1641 2563 eos
1670 2522 1744 2574 qui
1771 2522 1814 2562 in

994 2575 1104 2617 facie
1128 2576 1386 2627 gloriantur,
1420 2582 1464 2619 et
1487 2590 1573 2619 non
1598 2578 1642 2618 in
1668 2577 1813 2619 corde.
1865 2595 1867 2598 ’

993 2631 1093 2674 Sive
1112 2633 1227 2674 enim
1245 2638 1391 2675 mente
1410 2634 1677 2683 excedimus,
1701 2634 1813 2675 Deo:

994 2688 1085 2730 sive
1111 2688 1247 2730 sobrii
1274 2703 1438 2739 sumus,
1464 2690 1603 2732 vobis.
1643 2690 1812 2731 Caritas

993 2745 1107 2786 enim
1132 2745 1292 2787 Christi
1318 2751 1445 2798 urget
1471 2759 1566 2789 nos:
1598 2746 1810 2788 aestiman-
