<?xml version="1.0" encoding="UTF-8"?>
<!DOCTYPE html PUBLIC "-//W3C//DTD XHTML 1.0 Transitional//EN"
    "http://www.w3.org/TR/xhtml1/DTD/xhtml1-transitional.dtd">
<html xmlns="http://www.w3.org/1999/xhtml" xml:lang="en" lang="en">
 <head>
  <title>
</title>
<meta http-equiv="Content-Type" content="text/html;charset=utf-8" />
  <meta name='ocr-system' content='tesseract 3.04.00' />
  <meta name='ocr-capabilities' content='ocr_page ocr_carea ocr_par ocr_line ocrx_word'/>
</head>
<body>
  <div class='ocr_page' id='page_1' title='image "./p1breviariumroma00cathuoft_0696.png"; bbox 0 0 2080 2990; ppageno 0'>
   <div class='ocr_carea' id='block_1_1' title="bbox 711 184 1457 227">
    <p class='ocr_par' dir='ltr' id='par_1_1' title="bbox 711 184 1457 227">
     <span class='ocr_line' id='line_1_1' title="bbox 711 184 1457 227; baseline 0.005 -11"><span class='ocrx_word' id='word_1_1' title='bbox 711 184 748 217; x_wconf 84' lang='grc' dir='ltr'><strong>Ι11</strong></span> <span class='ocrx_word' id='word_1_2' title='bbox 777 185 898 217; x_wconf 57' lang='lat' dir='ltr'><strong>Festis</strong></span> <span class='ocrx_word' id='word_1_3' title='bbox 928 185 964 217; x_wconf 71' lang='grc' dir='ltr'><strong>Η.</strong></span> <span class='ocrx_word' id='word_1_4' title='bbox 992 185 1121 218; x_wconf 58' lang='grc' dir='ltr'><strong>Μαι-110</strong></span> <span class='ocrx_word' id='word_1_5' title='bbox 1149 185 1188 218; x_wconf 60' lang='lat' dir='ltr'><strong>V.</strong></span> <span class='ocrx_word' id='word_1_6' title='bbox 1218 196 1284 227; x_wconf 74' lang='lat' dir='ltr'><strong>per</strong></span> <span class='ocrx_word' id='word_1_7' title='bbox 1309 197 1457 220; x_wconf 77' lang='lat' dir='ltr'><strong>annum.</strong></span> 
     </span>
    </p>
   </div>
   <div class='ocr_carea' id='block_1_2' title="bbox 231 280 1059 2751">
    <p class='ocr_par' dir='ltr' id='par_1_2' title="bbox 233 280 1056 445">
     <span class='ocr_line' id='line_1_2' title="bbox 286 280 1056 333; baseline 0.003 -12"><span class='ocrx_word' id='word_1_8' title='bbox 286 280 495 321; x_wconf 89' lang='lat' dir='ltr'><strong>Excelsus</strong></span> <span class='ocrx_word' id='word_1_9' title='bbox 535 293 667 333; x_wconf 88' lang='lat' dir='ltr'><strong>super</strong></span> <span class='ocrx_word' id='word_1_10' title='bbox 703 293 854 323; x_wconf 88' lang='lat' dir='ltr'><strong>omnes</strong></span> <span class='ocrx_word' id='word_1_11' title='bbox 891 282 1056 323; x_wconf 83' lang='lat' dir='ltr'><strong>Gentes</strong></span> 
     </span>
     <span class='ocr_line' id='line_1_3' title="bbox 233 336 1055 390; baseline 0.002 -13"><span class='ocrx_word' id='word_1_12' title='bbox 233 336 463 386; x_wconf 91' lang='lat' dir='ltr'><strong>Dominus,</strong></span> <span class='ocrx_word' id='word_1_13' title='bbox 482 338 505 362; x_wconf 82' lang='lat'>*</span> <span class='ocrx_word' id='word_1_14' title='bbox 533 342 577 379; x_wconf 89' lang='lat' dir='ltr'><strong>et</strong></span> <span class='ocrx_word' id='word_1_15' title='bbox 604 350 735 390; x_wconf 90' lang='lat' dir='ltr'><strong>super</strong></span> <span class='ocrx_word' id='word_1_16' title='bbox 755 337 892 380; x_wconf 87' lang='lat' dir='ltr'><strong>coelos</strong></span> <span class='ocrx_word' id='word_1_17' title='bbox 917 338 1055 389; x_wconf 87' lang='lat' dir='ltr'><strong>gloria</strong></span> 
     </span>
     <span class='ocr_line' id='line_1_4' title="bbox 234 405 334 445; baseline -0.01 -11"><span class='ocrx_word' id='word_1_18' title='bbox 234 405 334 445; x_wconf 75' lang='lat' dir='ltr'><strong>ejus.</strong></span> 
     </span>
    </p>

    <p class='ocr_par' dir='ltr' id='par_1_3' title="bbox 233 449 1054 615">
     <span class='ocr_line' id='line_1_5' title="bbox 285 449 1054 500; baseline 0.003 -10"><span class='ocrx_word' id='word_1_19' title='bbox 285 449 391 499; x_wconf 90' lang='lat' dir='ltr'><strong>Quis</strong></span> <span class='ocrx_word' id='word_1_20' title='bbox 407 450 517 491; x_wconf 90' lang='lat' dir='ltr'><strong>sicut</strong></span> <span class='ocrx_word' id='word_1_21' title='bbox 531 450 745 492; x_wconf 91' lang='lat' dir='ltr'><strong>Dominus</strong></span> <span class='ocrx_word' id='word_1_22' title='bbox 759 451 880 493; x_wconf 89' lang='lat' dir='ltr'><strong>Deus</strong></span> <span class='ocrx_word' id='word_1_23' title='bbox 895 455 1054 500; x_wconf 88' lang='lat' dir='ltr'><strong>noster,</strong></span> 
     </span>
     <span class='ocr_line' id='line_1_6' title="bbox 234 506 1054 558; baseline 0.001 -12"><span class='ocrx_word' id='word_1_24' title='bbox 234 506 307 558; x_wconf 91' lang='lat' dir='ltr'><strong>qui</strong></span> <span class='ocrx_word' id='word_1_25' title='bbox 325 506 369 546; x_wconf 92' lang='lat' dir='ltr'><strong>in</strong></span> <span class='ocrx_word' id='word_1_26' title='bbox 388 506 486 547; x_wconf 89' lang='lat' dir='ltr'><strong>altis</strong></span> <span class='ocrx_word' id='word_1_27' title='bbox 506 506 683 557; x_wconf 72' lang='lat' dir='ltr'><strong>habitat,</strong></span> <span class='ocrx_word' id='word_1_28' title='bbox 698 508 721 533; x_wconf 83' lang='grc'>*</span> <span class='ocrx_word' id='word_1_29' title='bbox 741 512 785 549; x_wconf 87' lang='grc'><strong>61</strong></span> <span class='ocrx_word' id='word_1_30' title='bbox 799 506 977 548; x_wconf 83' lang='lat' dir='ltr'><strong>humilia</strong></span> <span class='ocrx_word' id='word_1_31' title='bbox 991 508 1054 548; x_wconf 91' lang='lat' dir='ltr'><strong>re-</strong></span> 
     </span>
     <span class='ocr_line' id='line_1_7' title="bbox 233 562 839 615; baseline 0.003 -12"><span class='ocrx_word' id='word_1_32' title='bbox 233 562 361 615; x_wconf 85' lang='lat' dir='ltr'>spicit</span> <span class='ocrx_word' id='word_1_33' title='bbox 377 563 422 603; x_wconf 92' lang='lat' dir='ltr'><strong>in</strong></span> <span class='ocrx_word' id='word_1_34' title='bbox 441 563 555 605; x_wconf 87' lang='lat' dir='ltr'><strong>coelo</strong></span> <span class='ocrx_word' id='word_1_35' title='bbox 576 568 619 605; x_wconf 88' lang='lat' dir='ltr'><strong>et</strong></span> <span class='ocrx_word' id='word_1_36' title='bbox 636 564 680 604; x_wconf 92' lang='lat' dir='ltr'><strong>in</strong></span> <span class='ocrx_word' id='word_1_37' title='bbox 699 562 839 605; x_wconf 87' lang='lat' dir='ltr'><strong>terra?</strong></span> 
     </span>
    </p>

    <p class='ocr_par' dir='ltr' id='par_1_4' title="bbox 233 619 1056 729">
     <span class='ocr_line' id='line_1_8' title="bbox 284 619 1056 673; baseline 0.001 -13"><span class='ocrx_word' id='word_1_38' title='bbox 284 619 507 661; x_wconf 88' lang='lat' dir='ltr'><strong>Suscitans</strong></span> <span class='ocrx_word' id='word_1_39' title='bbox 539 633 564 661; x_wconf 91' lang='lat' dir='ltr'><strong>a</strong></span> <span class='ocrx_word' id='word_1_40' title='bbox 595 625 712 662; x_wconf 89' lang='lat' dir='ltr'><strong>terra</strong></span> <span class='ocrx_word' id='word_1_41' title='bbox 743 622 935 673; x_wconf 82' lang='lat' dir='ltr'>inopem,</span> <span class='ocrx_word' id='word_1_42' title='bbox 960 620 983 646; x_wconf 88' lang='lat'>*</span> <span class='ocrx_word' id='word_1_43' title='bbox 1012 624 1056 661; x_wconf 93' lang='lat' dir='ltr'><strong>et</strong></span> 
     </span>
     <span class='ocr_line' id='line_1_9' title="bbox 233 674 964 741; baseline 0 -24"><span class='ocrx_word' id='word_1_44' title='bbox 233 674 287 717; x_wconf 93' lang='lat' dir='ltr'><strong>de</strong></span> <span class='ocrx_word' id='word_1_45' title='bbox 307 678 502 718; x_wconf 91' lang='lat' dir='ltr'><strong>stercore</strong></span> <span class='ocrx_word' id='word_1_46' title='bbox 522 677 691 728; x_wconf 91' lang='lat' dir='ltr'><strong>erigens</strong></span> <span class='ocrx_word' id='word_1_47' title='bbox 710 680 964 741; x_wconf 81' lang='lat' dir='ltr'><strong>pauperem:</strong></span> 
     </span>
    </p>

    <p class='ocr_par' dir='ltr' id='par_1_5' title="bbox 231 732 1055 843">
     <span class='ocr_line' id='line_1_10' title="bbox 286 732 1055 786; baseline -0.001 -12"><span class='ocrx_word' id='word_1_48' title='bbox 286 732 345 774; x_wconf 86' lang='lat' dir='ltr'><strong>Ut</strong></span> <span class='ocrx_word' id='word_1_49' title='bbox 373 732 561 775; x_wconf 90' lang='lat' dir='ltr'><strong>collocet</strong></span> <span class='ocrx_word' id='word_1_50' title='bbox 589 746 688 775; x_wconf 92' lang='lat' dir='ltr'><strong>eum</strong></span> <span class='ocrx_word' id='word_1_51' title='bbox 721 746 820 774; x_wconf 92' lang='lat' dir='ltr'><strong>cum</strong></span> <span class='ocrx_word' id='word_1_52' title='bbox 853 733 1055 786; x_wconf 82' lang='lat' dir='ltr'><strong>principi-</strong></span> 
     </span>
     <span class='ocr_line' id='line_1_11' title="bbox 231 788 1056 843; baseline 0.001 -14"><span class='ocrx_word' id='word_1_53' title='bbox 231 788 328 839; x_wconf 90' lang='lat' dir='ltr'><strong>bus,</strong></span> <span class='ocrx_word' id='word_1_54' title='bbox 348 789 371 814; x_wconf 85' lang='lat'>*</span> <span class='ocrx_word' id='word_1_55' title='bbox 400 802 499 831; x_wconf 92' lang='lat' dir='ltr'><strong>cum</strong></span> <span class='ocrx_word' id='word_1_56' title='bbox 518 789 789 843; x_wconf 85' lang='lat' dir='ltr'><strong>principibus</strong></span> <span class='ocrx_word' id='word_1_57' title='bbox 807 789 960 842; x_wconf 91' lang='lat' dir='ltr'><strong>populi</strong></span> <span class='ocrx_word' id='word_1_58' title='bbox 979 789 1056 830; x_wconf 88' lang='lat' dir='ltr'><strong>sui.</strong></span> 
     </span>
    </p>

    <p class='ocr_par' dir='ltr' id='par_1_6' title="bbox 231 844 1055 951">
     <span class='ocr_line' id='line_1_12' title="bbox 284 844 1055 895; baseline 0.001 -9"><span class='ocrx_word' id='word_1_59' title='bbox 284 845 368 895; x_wconf 93' lang='lat' dir='ltr'><strong>Qui</strong></span> <span class='ocrx_word' id='word_1_60' title='bbox 386 844 582 888; x_wconf 81' lang='lat' dir='ltr'><strong>habitare</strong></span> <span class='ocrx_word' id='word_1_61' title='bbox 599 846 701 887; x_wconf 88' lang='lat' dir='ltr'><strong>facit</strong></span> <span class='ocrx_word' id='word_1_62' title='bbox 717 845 933 887; x_wconf 89' lang='lat' dir='ltr'><strong>sterilem</strong></span> <span class='ocrx_word' id='word_1_63' title='bbox 922 859 966 886; x_wconf 90' lang='lat' dir='ltr'><strong>m</strong></span> <span class='ocrx_word' id='word_1_64' title='bbox 982 844 1055 887; x_wconf 92' lang='lat' dir='ltr'><strong>do-</strong></span> 
     </span>
     <span class='ocr_line' id='line_1_13' title="bbox 231 902 1025 951; baseline 0.003 -10"><span class='ocrx_word' id='word_1_65' title='bbox 231 914 315 951; x_wconf 88' lang='lat' dir='ltr'><strong>mo,</strong></span> <span class='ocrx_word' id='word_1_66' title='bbox 335 903 358 927; x_wconf 84' lang='grc'>*</span> <span class='ocrx_word' id='word_1_67' title='bbox 385 907 568 944; x_wconf 87' lang='lat' dir='ltr'><strong>matrem</strong></span> <span class='ocrx_word' id='word_1_68' title='bbox 586 902 776 944; x_wconf 90' lang='lat' dir='ltr'><strong>filiorum</strong></span> <span class='ocrx_word' id='word_1_69' title='bbox 794 902 1025 944; x_wconf 80' lang='lat' dir='ltr'><strong>laetantem.</strong></span> 
     </span>
    </p>

    <p class='ocr_par' dir='ltr' id='par_1_7' title="bbox 232 958 1057 1068">
     <span class='ocr_line' id='line_1_14' title="bbox 284 958 1057 1011; baseline 0.001 -12"><span class='ocrx_word' id='word_1_70' title='bbox 284 960 382 999; x_wconf 72' lang='lat' dir='ltr'><strong>Ant.</strong></span> <span class='ocrx_word' id='word_1_71' title='bbox 413 960 545 1001; x_wconf 87' lang='lat' dir='ltr'><strong>Laeva</strong></span> <span class='ocrx_word' id='word_1_72' title='bbox 568 960 658 1011; x_wconf 89' lang='lat' dir='ltr'><strong>ejus</strong></span> <span class='ocrx_word' id='word_1_73' title='bbox 682 958 762 1001; x_wconf 92' lang='lat' dir='ltr'><strong>sub</strong></span> <span class='ocrx_word' id='word_1_74' title='bbox 783 959 926 1011; x_wconf 79' lang='lat' dir='ltr'><strong>capite</strong></span> <span class='ocrx_word' id='word_1_75' title='bbox 946 971 1057 1008; x_wconf 83' lang='lat' dir='ltr'><strong>meo,</strong></span> 
     </span>
     <span class='ocr_line' id='line_1_15' title="bbox 232 1014 1057 1068; baseline -0.001 -12"><span class='ocrx_word' id='word_1_76' title='bbox 232 1019 275 1056; x_wconf 92' lang='lat' dir='ltr'><strong>et</strong></span> <span class='ocrx_word' id='word_1_77' title='bbox 295 1014 476 1057; x_wconf 86' lang='lat' dir='ltr'><strong>dextera</strong></span> <span class='ocrx_word' id='word_1_78' title='bbox 498 1015 612 1057; x_wconf 87' lang='lat' dir='ltr'><strong>illius</strong></span> <span class='ocrx_word' id='word_1_79' title='bbox 637 1015 958 1068; x_wconf 65' lang='lat' dir='ltr'><strong>amplexabitur</strong></span> <span class='ocrx_word' id='word_1_80' title='bbox 977 1028 1057 1056; x_wconf 90' lang='lat' dir='ltr'><strong>me.</strong></span> 
     </span>
    </p>

    <p class='ocr_par' dir='ltr' id='par_1_8' title="bbox 231 1071 1057 1283">
     <span class='ocr_line' id='line_1_16' title="bbox 284 1071 1056 1123; baseline 0.003 -12"><span class='ocrx_word' id='word_1_81' title='bbox 284 1074 380 1113; x_wconf 67' lang='lat' dir='ltr'><strong>Ant.</strong></span> <span class='ocrx_word' id='word_1_82' title='bbox 411 1072 546 1123; x_wconf 82' lang='lat' dir='ltr'><strong>Nigra</strong></span> <span class='ocrx_word' id='word_1_83' title='bbox 574 1086 686 1122; x_wconf 88' lang='lat' dir='ltr'><strong>sum,</strong></span> <span class='ocrx_word' id='word_1_84' title='bbox 706 1073 729 1098; x_wconf 91' lang='lat'>*</span> <span class='ocrx_word' id='word_1_85' title='bbox 748 1071 828 1113; x_wconf 88' lang='lat' dir='ltr'><strong>sed</strong></span> <span class='ocrx_word' id='word_1_86' title='bbox 855 1072 1056 1121; x_wconf 90' lang='lat' dir='ltr'><strong>formosa,</strong></span> 
     </span>
     <span class='ocr_line' id='line_1_17' title="bbox 231 1127 1057 1171; baseline 0.001 -3"><span class='ocrx_word' id='word_1_87' title='bbox 231 1127 333 1170; x_wconf 83' lang='lat' dir='ltr'><strong>filiae</strong></span> <span class='ocrx_word' id='word_1_88' title='bbox 370 1129 625 1171; x_wconf 89' lang='lat' dir='ltr'><strong>Jerusalem:</strong></span> <span class='ocrx_word' id='word_1_89' title='bbox 662 1128 762 1170; x_wconf 85' lang='lat' dir='ltr'><strong>ideo</strong></span> <span class='ocrx_word' id='word_1_90' title='bbox 802 1128 955 1170; x_wconf 90' lang='lat' dir='ltr'><strong>dilexit</strong></span> <span class='ocrx_word' id='word_1_91' title='bbox 987 1141 1057 1170; x_wconf 90' lang='lat' dir='ltr'><strong>me</strong></span> 
     </span>
     <span class='ocr_line' id='line_1_18' title="bbox 231 1185 1056 1236; baseline 0.001 -11"><span class='ocrx_word' id='word_1_92' title='bbox 231 1185 344 1236; x_wconf 90' lang='lat' dir='ltr'><strong>Rex,</strong></span> <span class='ocrx_word' id='word_1_93' title='bbox 374 1191 418 1227; x_wconf 94' lang='lat' dir='ltr'><strong>et</strong></span> <span class='ocrx_word' id='word_1_94' title='bbox 445 1185 689 1227; x_wconf 86' lang='lat' dir='ltr'><strong>introduxit</strong></span> <span class='ocrx_word' id='word_1_95' title='bbox 716 1198 786 1226; x_wconf 92' lang='lat' dir='ltr'><strong>me</strong></span> <span class='ocrx_word' id='word_1_96' title='bbox 814 1185 859 1225; x_wconf 92' lang='lat' dir='ltr'><strong>in</strong></span> <span class='ocrx_word' id='word_1_97' title='bbox 885 1185 1056 1227; x_wconf 85' lang='lat' dir='ltr'><strong>cubicu-</strong></span> 
     </span>
     <span class='ocr_line' id='line_1_19' title="bbox 231 1240 476 1283; baseline 0.004 -1"><span class='ocrx_word' id='word_1_98' title='bbox 231 1240 322 1282; x_wconf 92' lang='lat' dir='ltr'><strong>lum</strong></span> <span class='ocrx_word' id='word_1_99' title='bbox 341 1255 476 1283; x_wconf 91' lang='lat' dir='ltr'><strong>suum.</strong></span> 
     </span>
    </p>

    <p class='ocr_par' dir='ltr' id='par_1_9' title="bbox 231 1297 1058 1510">
     <span class='ocr_line' id='line_1_20' title="bbox 499 1297 790 1336; baseline -0.003 -1"><span class='ocrx_word' id='word_1_100' title='bbox 499 1297 693 1336; x_wconf 63' lang='lat' dir='ltr'><strong>psalmus</strong></span> <span class='ocrx_word' id='word_1_101' title='bbox 716 1298 790 1335; x_wconf 72' lang='lat'><strong>121.</strong></span> 
     </span>
     <span class='ocr_line' id='line_1_21' title="bbox 295 1355 1057 1407; baseline 0 -11"><span class='ocrx_word' id='word_1_102' title='bbox 295 1357 453 1397; x_wconf 76' lang='lat' dir='ltr'><strong>aetatus</strong></span> <span class='ocrx_word' id='word_1_103' title='bbox 486 1369 582 1397; x_wconf 91' lang='lat' dir='ltr'><strong>sum</strong></span> <span class='ocrx_word' id='word_1_104' title='bbox 611 1356 656 1396; x_wconf 90' lang='lat' dir='ltr'><strong>in</strong></span> <span class='ocrx_word' id='word_1_105' title='bbox 683 1355 767 1405; x_wconf 86' lang='lat' dir='ltr'><strong>his,</strong></span> <span class='ocrx_word' id='word_1_106' title='bbox 811 1368 910 1407; x_wconf 88' lang='lat' dir='ltr'><strong>quae</strong></span> <span class='ocrx_word' id='word_1_107' title='bbox 939 1355 1057 1397; x_wconf 89' lang='lat' dir='ltr'><strong>dicta</strong></span> 
     </span>
     <span class='ocr_line' id='line_1_22' title="bbox 318 1411 1058 1453; baseline 0 0"><span class='ocrx_word' id='word_1_108' title='bbox 318 1416 419 1453; x_wconf 90' lang='lat' dir='ltr'><strong>sunt</strong></span> <span class='ocrx_word' id='word_1_109' title='bbox 442 1412 563 1453; x_wconf 91' lang='lat' dir='ltr'><strong>mihi:</strong></span> <span class='ocrx_word' id='word_1_110' title='bbox 582 1412 605 1438; x_wconf 85' lang='lat'>*</span> <span class='ocrx_word' id='word_1_111' title='bbox 620 1412 664 1452; x_wconf 85' lang='lat' dir='ltr'><strong>in</strong></span> <span class='ocrx_word' id='word_1_112' title='bbox 684 1411 862 1453; x_wconf 90' lang='lat' dir='ltr'><strong>domum</strong></span> <span class='ocrx_word' id='word_1_113' title='bbox 878 1412 1058 1453; x_wconf 92' lang='lat' dir='ltr'><strong>Domini</strong></span> 
     </span>
     <span class='ocr_line' id='line_1_23' title="bbox 231 1467 402 1510; baseline 0.006 -2"><span class='ocrx_word' id='word_1_114' title='bbox 231 1467 402 1510; x_wconf 84' lang='lat' dir='ltr'><strong>ibimus.</strong></span> 
     </span>
    </p>

    <p class='ocr_par' dir='ltr' id='par_1_10' title="bbox 233 1524 1058 1623">
     <span class='ocr_line' id='line_1_24' title="bbox 284 1524 1058 1577; baseline 0 -12"><span class='ocrx_word' id='word_1_115' title='bbox 284 1524 458 1567; x_wconf 87' lang='lat' dir='ltr'><strong>Stantes</strong></span> <span class='ocrx_word' id='word_1_116' title='bbox 487 1529 609 1566; x_wconf 91' lang='lat' dir='ltr'><strong>erant</strong></span> <span class='ocrx_word' id='word_1_117' title='bbox 635 1524 773 1577; x_wconf 92' lang='lat' dir='ltr'><strong>pedes</strong></span> <span class='ocrx_word' id='word_1_118' title='bbox 801 1525 952 1574; x_wconf 84' lang='lat' dir='ltr'><strong>nostri,</strong></span> <span class='ocrx_word' id='word_1_119' title='bbox 972 1525 1058 1565; x_wconf 89' lang='lat' dir='ltr'><strong>*in</strong></span> 
     </span>
     <span class='ocr_line' id='line_1_25' title="bbox 233 1581 732 1623; baseline 0.002 -2"><span class='ocrx_word' id='word_1_120' title='bbox 233 1581 354 1622; x_wconf 81' lang='lat' dir='ltr'><strong>atriis</strong></span> <span class='ocrx_word' id='word_1_121' title='bbox 374 1581 460 1622; x_wconf 91' lang='lat' dir='ltr'><strong>tuis</strong></span> <span class='ocrx_word' id='word_1_122' title='bbox 479 1581 732 1623; x_wconf 89' lang='lat' dir='ltr'><strong>Jerusalem.</strong></span> 
     </span>
    </p>

    <p class='ocr_par' dir='ltr' id='par_1_11' title="bbox 232 1637 1057 1802">
     <span class='ocr_line' id='line_1_26' title="bbox 285 1637 1056 1690; baseline 0.001 -12"><span class='ocrx_word' id='word_1_123' title='bbox 285 1637 538 1687; x_wconf 88' lang='lat' dir='ltr'><strong>Jerusalem,</strong></span> <span class='ocrx_word' id='word_1_124' title='bbox 558 1650 656 1690; x_wconf 82' lang='lat' dir='ltr'><strong>quae</strong></span> <span class='ocrx_word' id='word_1_125' title='bbox 674 1638 917 1679; x_wconf 73' lang='lat' dir='ltr'><strong>aedificatur</strong></span> <span class='ocrx_word' id='word_1_126' title='bbox 934 1643 982 1679; x_wconf 94' lang='lat' dir='ltr'><strong>ut</strong></span> <span class='ocrx_word' id='word_1_127' title='bbox 1002 1639 1056 1678; x_wconf 88' lang='lat' dir='ltr'><strong>ci-</strong></span> 
     </span>
     <span class='ocr_line' id='line_1_27' title="bbox 233 1693 1057 1747; baseline 0 -13"><span class='ocrx_word' id='word_1_128' title='bbox 233 1693 359 1735; x_wconf 89' lang='lat' dir='ltr'><strong>vitas:</strong></span> <span class='ocrx_word' id='word_1_129' title='bbox 385 1694 408 1720; x_wconf 87' lang='lat'>*</span> <span class='ocrx_word' id='word_1_130' title='bbox 438 1694 557 1745; x_wconf 91' lang='lat' dir='ltr'><strong>cujus</strong></span> <span class='ocrx_word' id='word_1_131' title='bbox 585 1694 866 1747; x_wconf 80' lang='lat' dir='ltr'><strong>participatio</strong></span> <span class='ocrx_word' id='word_1_132' title='bbox 895 1695 986 1746; x_wconf 90' lang='lat' dir='ltr'><strong>ejus</strong></span> <span class='ocrx_word' id='word_1_133' title='bbox 1013 1694 1057 1734; x_wconf 93' lang='lat' dir='ltr'><strong>in</strong></span> 
     </span>
     <span class='ocr_line' id='line_1_28' title="bbox 232 1749 434 1802; baseline 0.005 -12"><span class='ocrx_word' id='word_1_134' title='bbox 232 1749 434 1802; x_wconf 87' lang='lat' dir='ltr'><strong>idipsum.</strong></span> 
     </span>
    </p>

    <p class='ocr_par' dir='ltr' id='par_1_12' title="bbox 233 1806 1059 2016">
     <span class='ocr_line' id='line_1_29' title="bbox 284 1806 1057 1857; baseline 0.001 -10"><span class='ocrx_word' id='word_1_135' title='bbox 284 1806 394 1848; x_wconf 94' lang='lat' dir='ltr'><strong>Illuc</strong></span> <span class='ocrx_word' id='word_1_136' title='bbox 429 1807 544 1848; x_wconf 90' lang='lat' dir='ltr'><strong>enim</strong></span> <span class='ocrx_word' id='word_1_137' title='bbox 578 1806 870 1848; x_wconf 89' lang='lat' dir='ltr'><strong>ascenderunt</strong></span> <span class='ocrx_word' id='word_1_138' title='bbox 903 1806 1057 1857; x_wconf 86' lang='lat' dir='ltr'><strong>tribus,</strong></span> 
     </span>
     <span class='ocr_line' id='line_1_30' title="bbox 233 1862 1059 1905; baseline 0.001 -2"><span class='ocrx_word' id='word_1_139' title='bbox 233 1862 373 1904; x_wconf 93' lang='lat' dir='ltr'><strong>tribus</strong></span> <span class='ocrx_word' id='word_1_140' title='bbox 429 1863 628 1904; x_wconf 89' lang='lat' dir='ltr'><strong>Domini:</strong></span> <span class='ocrx_word' id='word_1_141' title='bbox 681 1863 705 1889; x_wconf 83' lang='lat'>*</span> <span class='ocrx_word' id='word_1_142' title='bbox 758 1863 1059 1905; x_wconf 89' lang='lat' dir='ltr'><strong>testimonium</strong></span> 
     </span>
     <span class='ocr_line' id='line_1_31' title="bbox 233 1919 1058 1962; baseline 0.001 -3"><span class='ocrx_word' id='word_1_143' title='bbox 233 1919 369 1960; x_wconf 75' lang='lat' dir='ltr'><strong>Israel</strong></span> <span class='ocrx_word' id='word_1_144' title='bbox 391 1919 448 1961; x_wconf 90' lang='lat' dir='ltr'><strong>ad</strong></span> <span class='ocrx_word' id='word_1_145' title='bbox 473 1919 769 1962; x_wconf 89' lang='lat' dir='ltr'><strong>confitendum</strong></span> <span class='ocrx_word' id='word_1_146' title='bbox 788 1919 953 1961; x_wconf 92' lang='lat' dir='ltr'><strong>nomini</strong></span> <span class='ocrx_word' id='word_1_147' title='bbox 971 1920 1058 1960; x_wconf 91' lang='lat' dir='ltr'><strong>Do-</strong></span> 
     </span>
     <span class='ocr_line' id='line_1_32' title="bbox 233 1988 347 2016; baseline 0.009 -1"><span class='ocrx_word' id='word_1_148' title='bbox 233 1988 347 2016; x_wconf 79' lang='lat' dir='ltr'><strong>mml.</strong></span> 
     </span>
    </p>

    <p class='ocr_par' dir='ltr' id='par_1_13' title="bbox 235 2031 1058 2142">
     <span class='ocr_line' id='line_1_33' title="bbox 288 2031 1058 2085; baseline 0.003 -13"><span class='ocrx_word' id='word_1_149' title='bbox 288 2031 399 2081; x_wconf 87' lang='lat' dir='ltr'>Quia</span> <span class='ocrx_word' id='word_1_150' title='bbox 427 2032 516 2074; x_wconf 90' lang='lat' dir='ltr'><strong>illic</strong></span> <span class='ocrx_word' id='word_1_151' title='bbox 545 2032 753 2075; x_wconf 90' lang='lat' dir='ltr'><strong>sederunt</strong></span> <span class='ocrx_word' id='word_1_152' title='bbox 781 2033 910 2075; x_wconf 90' lang='lat' dir='ltr'><strong>sedes</strong></span> <span class='ocrx_word' id='word_1_153' title='bbox 934 2033 979 2074; x_wconf 91' lang='lat' dir='ltr'><strong>in</strong></span> <span class='ocrx_word' id='word_1_154' title='bbox 1000 2034 1058 2085; x_wconf 94' lang='lat' dir='ltr'><strong>ju-</strong></span> 
     </span>
     <span class='ocr_line' id='line_1_34' title="bbox 235 2086 1058 2142; baseline 0.005 -15"><span class='ocrx_word' id='word_1_155' title='bbox 235 2086 362 2137; x_wconf 85' lang='lat' dir='ltr'><strong>dicio,</strong></span> <span class='ocrx_word' id='word_1_156' title='bbox 378 2089 401 2114; x_wconf 80' lang='grc'><em>*</em></span> <span class='ocrx_word' id='word_1_157' title='bbox 416 2088 544 2130; x_wconf 90' lang='lat' dir='ltr'><strong>sedes</strong></span> <span class='ocrx_word' id='word_1_158' title='bbox 561 2102 692 2142; x_wconf 93' lang='lat' dir='ltr'><strong>super</strong></span> <span class='ocrx_word' id='word_1_159' title='bbox 709 2089 888 2131; x_wconf 91' lang='lat' dir='ltr'><strong>domum</strong></span> <span class='ocrx_word' id='word_1_160' title='bbox 902 2089 1058 2131; x_wconf 90' lang='lat' dir='ltr'><strong>David.</strong></span> 
     </span>
    </p>

    <p class='ocr_par' dir='ltr' id='par_1_14' title="bbox 236 2144 1058 2298">
     <span class='ocr_line' id='line_1_35' title="bbox 286 2144 1057 2199; baseline 0.004 -15"><span class='ocrx_word' id='word_1_161' title='bbox 286 2144 459 2195; x_wconf 80' lang='lat' dir='ltr'><strong>Rogate</strong></span> <span class='ocrx_word' id='word_1_162' title='bbox 487 2158 586 2197; x_wconf 86' lang='lat' dir='ltr'><strong>quae</strong></span> <span class='ocrx_word' id='word_1_163' title='bbox 614 2145 671 2187; x_wconf 91' lang='lat' dir='ltr'><strong>ad</strong></span> <span class='ocrx_word' id='word_1_164' title='bbox 694 2159 850 2199; x_wconf 91' lang='lat' dir='ltr'><strong>pacem</strong></span> <span class='ocrx_word' id='word_1_165' title='bbox 871 2150 971 2188; x_wconf 91' lang='lat' dir='ltr'><strong>sunt</strong></span> <span class='ocrx_word' id='word_1_166' title='bbox 991 2146 1016 2187; x_wconf 88' lang='lat' dir='ltr'>J</span> <span class='ocrx_word' id='word_1_167' title='bbox 1019 2159 1057 2187; x_wconf 92' lang='lat' dir='ltr'><strong>e-</strong></span> 
     </span>
     <span class='ocr_line' id='line_1_36' title="bbox 236 2200 1058 2298; baseline 0.005 -58"><span class='ocrx_word' id='word_1_168' title='bbox 236 2200 440 2298; x_wconf 54' lang='lat' dir='ltr'><strong>Eusalem:</strong></span> <span class='ocrx_word' id='word_1_169' title='bbox 454 2201 477 2227; x_wconf 85' lang='lat'>*</span> <span class='ocrx_word' id='word_1_170' title='bbox 495 2206 538 2243; x_wconf 90' lang='lat' dir='ltr'><strong>et</strong></span> <span class='ocrx_word' id='word_1_171' title='bbox 557 2201 824 2244; x_wconf 80' lang='lat' dir='ltr'><strong>abundantia</strong></span> <span class='ocrx_word' id='word_1_172' title='bbox 843 2202 1058 2254; x_wconf 86' lang='lat' dir='ltr'><strong>diligenti-</strong></span> 
     </span>
    </p>

    <p class='ocr_par' dir='ltr' id='par_1_15' title="bbox 267 2261 397 2299">
     <span class='ocr_line' id='line_1_37' title="bbox 267 2261 397 2299; baseline 0 -1"><span class='ocrx_word' id='word_1_173' title='bbox 267 2270 318 2298; x_wconf 93' lang='lat' dir='ltr'><strong>us</strong></span> <span class='ocrx_word' id='word_1_174' title='bbox 336 2261 397 2299; x_wconf 90' lang='lat' dir='ltr'><strong>te:</strong></span> 
     </span>
    </p>

    <p class='ocr_par' dir='ltr' id='par_1_16' title="bbox 235 2313 1058 2413">
     <span class='ocr_line' id='line_1_38' title="bbox 287 2313 1058 2366; baseline 0.004 -12"><span class='ocrx_word' id='word_1_175' title='bbox 287 2313 385 2355; x_wconf 88' lang='lat' dir='ltr'><strong>Fiat</strong></span> <span class='ocrx_word' id='word_1_176' title='bbox 412 2326 500 2366; x_wconf 87' lang='lat' dir='ltr'><strong>pax</strong></span> <span class='ocrx_word' id='word_1_177' title='bbox 520 2314 564 2354; x_wconf 91' lang='lat' dir='ltr'><strong>in</strong></span> <span class='ocrx_word' id='word_1_178' title='bbox 583 2315 745 2357; x_wconf 88' lang='lat' dir='ltr'><strong>virtute</strong></span> <span class='ocrx_word' id='word_1_179' title='bbox 763 2319 853 2356; x_wconf 88' lang='lat' dir='ltr'><strong>tua:</strong></span> <span class='ocrx_word' id='word_1_180' title='bbox 871 2316 895 2342; x_wconf 87' lang='lat'>*</span> <span class='ocrx_word' id='word_1_181' title='bbox 916 2320 960 2357; x_wconf 92' lang='lat' dir='ltr'><strong>et</strong></span> <span class='ocrx_word' id='word_1_182' title='bbox 986 2315 1058 2357; x_wconf 91' lang='lat' dir='ltr'><strong>ab·</strong></span> 
     </span>
     <span class='ocr_line' id='line_1_39' title="bbox 235 2368 840 2413; baseline 0.003 -2"><span class='ocrx_word' id='word_1_183' title='bbox 235 2368 446 2411; x_wconf 76' lang='lat' dir='ltr'><strong>undantia</strong></span> <span class='ocrx_word' id='word_1_184' title='bbox 465 2370 509 2410; x_wconf 91' lang='lat' dir='ltr'><strong>in</strong></span> <span class='ocrx_word' id='word_1_185' title='bbox 530 2370 723 2412; x_wconf 90' lang='lat' dir='ltr'><strong>turribus</strong></span> <span class='ocrx_word' id='word_1_186' title='bbox 741 2372 840 2413; x_wconf 90' lang='lat' dir='ltr'><strong>tuis.</strong></span> 
     </span>
    </p>

    <p class='ocr_par' dir='ltr' id='par_1_17' title="bbox 235 2425 1059 2536">
     <span class='ocr_line' id='line_1_40' title="bbox 288 2425 1058 2481; baseline 0.005 -15"><span class='ocrx_word' id='word_1_187' title='bbox 288 2425 478 2479; x_wconf 84' lang='lat' dir='ltr'><strong>Propter</strong></span> <span class='ocrx_word' id='word_1_188' title='bbox 496 2426 653 2469; x_wconf 90' lang='lat' dir='ltr'><strong>fratres</strong></span> <span class='ocrx_word' id='word_1_189' title='bbox 675 2440 816 2478; x_wconf 89' lang='lat' dir='ltr'><strong>meos,</strong></span> <span class='ocrx_word' id='word_1_190' title='bbox 845 2433 889 2469; x_wconf 89' lang='lat' dir='ltr'><strong>et</strong></span> <span class='ocrx_word' id='word_1_191' title='bbox 913 2428 1058 2481; x_wconf 88' lang='lat' dir='ltr'><strong>proxi-</strong></span> 
     </span>
     <span class='ocr_line' id='line_1_41' title="bbox 235 2483 1059 2536; baseline 0.004 -13"><span class='ocrx_word' id='word_1_192' title='bbox 235 2494 335 2523; x_wconf 89' lang='lat' dir='ltr'><strong>mos</strong></span> <span class='ocrx_word' id='word_1_193' title='bbox 347 2495 482 2532; x_wconf 91' lang='grc'><strong>111605,</strong></span> <span class='ocrx_word' id='word_1_194' title='bbox 495 2483 518 2509; x_wconf 89' lang='lat'>*</span> <span class='ocrx_word' id='word_1_195' title='bbox 533 2483 747 2535; x_wconf 81' lang='lat' dir='ltr'><strong>loquebar</strong></span> <span class='ocrx_word' id='word_1_196' title='bbox 761 2496 915 2536; x_wconf 87' lang='lat' dir='ltr'><strong>pacem</strong></span> <span class='ocrx_word' id='word_1_197' title='bbox 930 2484 985 2526; x_wconf 91' lang='lat' dir='ltr'><strong>de</strong></span> <span class='ocrx_word' id='word_1_198' title='bbox 1000 2490 1059 2526; x_wconf 90' lang='lat' dir='ltr'><strong>te:</strong></span> 
     </span>
    </p>

    <p class='ocr_par' dir='ltr' id='par_1_18' title="bbox 238 2538 1059 2647">
     <span class='ocr_line' id='line_1_42' title="bbox 287 2538 1059 2591; baseline 0.004 -12"><span class='ocrx_word' id='word_1_199' title='bbox 287 2538 474 2591; x_wconf 87' lang='lat' dir='ltr'><strong>Propter</strong></span> <span class='ocrx_word' id='word_1_200' title='bbox 496 2538 675 2581; x_wconf 91' lang='lat' dir='ltr'><strong>domum</strong></span> <span class='ocrx_word' id='word_1_201' title='bbox 690 2540 868 2581; x_wconf 90' lang='lat' dir='ltr'><strong>Domini</strong></span> <span class='ocrx_word' id='word_1_202' title='bbox 882 2540 966 2582; x_wconf 94' lang='lat' dir='ltr'><strong>Dei</strong></span> <span class='ocrx_word' id='word_1_203' title='bbox 984 2553 1059 2582; x_wconf 90' lang='lat' dir='ltr'><strong>no-</strong></span> 
     </span>
     <span class='ocr_line' id='line_1_43' title="bbox 238 2594 818 2647; baseline 0.003 -12"><span class='ocrx_word' id='word_1_204' title='bbox 238 2594 328 2645; x_wconf 86' lang='lat' dir='ltr'><strong>stri,</strong></span> <span class='ocrx_word' id='word_1_205' title='bbox 346 2594 370 2621; x_wconf 90' lang='lat'>*</span> <span class='ocrx_word' id='word_1_206' title='bbox 389 2596 572 2647; x_wconf 77' lang='lat' dir='ltr'><strong>quaesivi</strong></span> <span class='ocrx_word' id='word_1_207' title='bbox 590 2596 708 2638; x_wconf 90' lang='lat' dir='ltr'><strong>bona</strong></span> <span class='ocrx_word' id='word_1_208' title='bbox 726 2595 818 2637; x_wconf 89' lang='lat' dir='ltr'><strong>tibi.</strong></span> 
     </span>
    </p>

    <p class='ocr_par' dir='ltr' id='par_1_19' title="bbox 236 2652 1059 2751">
     <span class='ocr_line' id='line_1_44' title="bbox 295 2652 1059 2704; baseline 0.005 -14"><span class='ocrx_word' id='word_1_209' title='bbox 295 2653 389 2692; x_wconf 60' lang='lat' dir='ltr'><strong>Ant.</strong></span> <span class='ocrx_word' id='word_1_210' title='bbox 432 2652 566 2704; x_wconf 84' lang='lat' dir='ltr'><strong>Nigra</strong></span> <span class='ocrx_word' id='word_1_211' title='bbox 598 2666 711 2702; x_wconf 84' lang='lat' dir='ltr'><strong>sum,</strong></span> <span class='ocrx_word' id='word_1_212' title='bbox 748 2652 827 2694; x_wconf 90' lang='lat' dir='ltr'><strong>sed</strong></span> <span class='ocrx_word' id='word_1_213' title='bbox 857 2652 1059 2703; x_wconf 90' lang='lat' dir='ltr'><strong>formosa,</strong></span> 
     </span>
     <span class='ocr_line' id='line_1_45' title="bbox 236 2708 1059 2751; baseline 0 -1"><span class='ocrx_word' id='word_1_214' title='bbox 236 2709 340 2751; x_wconf 85' lang='lat' dir='ltr'><strong>filiae</strong></span> <span class='ocrx_word' id='word_1_215' title='bbox 371 2709 627 2751; x_wconf 78' lang='lat' dir='ltr'><strong>Jerusalem:</strong></span> <span class='ocrx_word' id='word_1_216' title='bbox 662 2708 763 2751; x_wconf 83' lang='lat' dir='ltr'><strong>ideo</strong></span> <span class='ocrx_word' id='word_1_217' title='bbox 802 2708 954 2751; x_wconf 87' lang='lat' dir='ltr'><strong>dilexit</strong></span> <span class='ocrx_word' id='word_1_218' title='bbox 990 2723 1059 2751; x_wconf 90' lang='lat' dir='ltr'><strong>me</strong></span> 
     </span>
    </p>
   </div>
   <div class='ocr_carea' id='block_1_3' title="bbox 1107 282 1938 2762">
    <p class='ocr_par' dir='ltr' id='par_1_20' title="bbox 1107 282 1931 379">
     <span class='ocr_line' id='line_1_46' title="bbox 1108 282 1931 331; baseline 0.004 -9"><span class='ocrx_word' id='word_1_219' title='bbox 1108 282 1220 331; x_wconf 83' lang='lat' dir='ltr'><strong>Rex,</strong></span> <span class='ocrx_word' id='word_1_220' title='bbox 1253 286 1296 323; x_wconf 83' lang='lat' dir='ltr'><strong>et</strong></span> <span class='ocrx_word' id='word_1_221' title='bbox 1322 282 1567 325; x_wconf 75' lang='lat' dir='ltr'><strong>introduxit</strong></span> <span class='ocrx_word' id='word_1_222' title='bbox 1593 296 1662 325; x_wconf 89' lang='lat' dir='ltr'><strong>me</strong></span> <span class='ocrx_word' id='word_1_223' title='bbox 1688 283 1731 324; x_wconf 92' lang='lat' dir='ltr'><strong>in</strong></span> <span class='ocrx_word' id='word_1_224' title='bbox 1760 284 1931 326; x_wconf 85' lang='lat' dir='ltr'><strong>cubicu-</strong></span> 
     </span>
     <span class='ocr_line' id='line_1_47' title="bbox 1107 337 1352 379; baseline 0 0"><span class='ocrx_word' id='word_1_225' title='bbox 1107 337 1198 379; x_wconf 92' lang='lat' dir='ltr'><strong>lum</strong></span> <span class='ocrx_word' id='word_1_226' title='bbox 1217 350 1352 379; x_wconf 91' lang='lat' dir='ltr'><strong>suum.</strong></span> 
     </span>
    </p>

    <p class='ocr_par' dir='ltr' id='par_1_21' title="bbox 1107 394 1933 556">
     <span class='ocr_line' id='line_1_48' title="bbox 1166 394 1931 438; baseline 0.005 -4"><span class='ocrx_word' id='word_1_227' title='bbox 1166 396 1264 435; x_wconf 76' lang='lat' dir='ltr'><strong>Ant.</strong></span> <span class='ocrx_word' id='word_1_228' title='bbox 1301 395 1397 435; x_wconf 87' lang='lat' dir='ltr'><strong>Jam</strong></span> <span class='ocrx_word' id='word_1_229' title='bbox 1424 394 1564 437; x_wconf 91' lang='lat' dir='ltr'><strong>hiems</strong></span> <span class='ocrx_word' id='word_1_230' title='bbox 1588 396 1775 438; x_wconf 80' lang='lat' dir='ltr'><strong>transiit:</strong></span> <span class='ocrx_word' id='word_1_231' title='bbox 1804 397 1828 422; x_wconf 88' lang='lat'>*</span> <span class='ocrx_word' id='word_1_232' title='bbox 1856 397 1931 438; x_wconf 92' lang='lat' dir='ltr'><strong>im-</strong></span> 
     </span>
     <span class='ocr_line' id='line_1_49' title="bbox 1107 450 1933 504; baseline 0.004 -12"><span class='ocrx_word' id='word_1_233' title='bbox 1107 450 1186 492; x_wconf 91' lang='lat' dir='ltr'><strong>ber</strong></span> <span class='ocrx_word' id='word_1_234' title='bbox 1206 450 1330 501; x_wconf 79' lang='lat' dir='ltr'><strong>abiit,</strong></span> <span class='ocrx_word' id='word_1_235' title='bbox 1358 456 1402 493; x_wconf 92' lang='lat' dir='ltr'><strong>et</strong></span> <span class='ocrx_word' id='word_1_236' title='bbox 1421 452 1616 493; x_wconf 82' lang='lat' dir='ltr'><strong>recessit:</strong></span> <span class='ocrx_word' id='word_1_237' title='bbox 1641 465 1769 504; x_wconf 89' lang='lat' dir='ltr'><strong>surge</strong></span> <span class='ocrx_word' id='word_1_238' title='bbox 1793 456 1933 495; x_wconf 83' lang='lat' dir='ltr'><strong>amica</strong></span> 
     </span>
     <span class='ocr_line' id='line_1_50' title="bbox 1108 508 1408 556; baseline -0.003 -7"><span class='ocrx_word' id='word_1_239' title='bbox 1108 520 1215 556; x_wconf 88' lang='lat' dir='ltr'><strong>mea,</strong></span> <span class='ocrx_word' id='word_1_240' title='bbox 1237 512 1280 549; x_wconf 89' lang='lat' dir='ltr'><strong>et</strong></span> <span class='ocrx_word' id='word_1_241' title='bbox 1299 508 1408 549; x_wconf 90' lang='lat' dir='ltr'><strong>veni.</strong></span> 
     </span>
    </p>

    <p class='ocr_par' dir='ltr' id='par_1_22' title="bbox 1108 565 1933 784">
     <span class='ocr_line' id='line_1_51' title="bbox 1366 565 1671 606; baseline 0 -1"><span class='ocrx_word' id='word_1_242' title='bbox 1366 565 1565 605; x_wconf 86' lang='lat' dir='ltr'><strong>Psalmus</strong></span> <span class='ocrx_word' id='word_1_243' title='bbox 1589 566 1671 606; x_wconf 85' lang='lat'>126.</span> 
     </span>
     <span class='ocr_line' id='line_1_52' title="bbox 1203 620 1932 665; baseline 0.007 -5"><span class='ocrx_word' id='word_1_244' title='bbox 1203 620 1256 660; x_wconf 92' lang='lat' dir='ltr'><strong>isi</strong></span> <span class='ocrx_word' id='word_1_245' title='bbox 1287 620 1503 662; x_wconf 82' lang='lat' dir='ltr'><strong>Dominus</strong></span> <span class='ocrx_word' id='word_1_246' title='bbox 1539 620 1824 664; x_wconf 77' lang='lat' dir='ltr'><strong>aedificaverit</strong></span> <span class='ocrx_word' id='word_1_247' title='bbox 1857 621 1932 665; x_wconf 94' lang='lat' dir='ltr'><strong>do-</strong></span> 
     </span>
     <span class='ocr_line' id='line_1_53' title="bbox 1223 677 1933 727; baseline 0.006 -11"><span class='ocrx_word' id='word_1_248' title='bbox 1223 689 1358 727; x_wconf 84' lang='lat' dir='ltr'><strong>mum,</strong></span> <span class='ocrx_word' id='word_1_249' title='bbox 1392 677 1416 702; x_wconf 85' lang='grc'>*</span> <span class='ocrx_word' id='word_1_250' title='bbox 1451 677 1495 718; x_wconf 86' lang='grc'><strong>111</strong></span> <span class='ocrx_word' id='word_1_251' title='bbox 1522 690 1682 719; x_wconf 89' lang='lat' dir='ltr'><strong>vanum</strong></span> <span class='ocrx_word' id='word_1_252' title='bbox 1710 677 1933 722; x_wconf 85' lang='lat' dir='ltr'><strong>laborave-</strong></span> 
     </span>
     <span class='ocr_line' id='line_1_54' title="bbox 1108 732 1669 784; baseline 0.005 -12"><span class='ocrx_word' id='word_1_253' title='bbox 1108 736 1209 773; x_wconf 91' lang='lat' dir='ltr'><strong>runt</strong></span> <span class='ocrx_word' id='word_1_254' title='bbox 1229 733 1303 784; x_wconf 84' lang='lat' dir='ltr'><strong>qui</strong></span> <span class='ocrx_word' id='word_1_255' title='bbox 1322 732 1543 775; x_wconf 81' lang='lat' dir='ltr'><strong>aedificant</strong></span> <span class='ocrx_word' id='word_1_256' title='bbox 1563 746 1669 775; x_wconf 88' lang='lat' dir='ltr'><strong>eam.</strong></span> 
     </span>
    </p>

    <p class='ocr_par' dir='ltr' id='par_1_23' title="bbox 1108 789 1935 943">
     <span class='ocr_line' id='line_1_55' title="bbox 1159 789 1933 834; baseline 0.003 -3"><span class='ocrx_word' id='word_1_257' title='bbox 1159 789 1257 831; x_wconf 87' lang='lat' dir='ltr'><strong>Nisi</strong></span> <span class='ocrx_word' id='word_1_258' title='bbox 1270 789 1486 831; x_wconf 84' lang='lat' dir='ltr'><strong>Dominus</strong></span> <span class='ocrx_word' id='word_1_259' title='bbox 1507 790 1766 833; x_wconf 86' lang='lat' dir='ltr'><strong>custodierit</strong></span> <span class='ocrx_word' id='word_1_260' title='bbox 1786 791 1933 834; x_wconf 77' lang='lat' dir='ltr'><strong>civita-</strong></span> 
     </span>
     <span class='ocr_line' id='line_1_56' title="bbox 1108 845 1935 904; baseline 0.005 -18"><span class='ocrx_word' id='word_1_261' title='bbox 1108 845 1251 895; x_wconf 83' lang='grc'><strong>16111,*</strong></span> <span class='ocrx_word' id='word_1_262' title='bbox 1269 845 1431 888; x_wconf 85' lang='lat' dir='ltr'><strong>frustra</strong></span> <span class='ocrx_word' id='word_1_263' title='bbox 1458 846 1609 904; x_wconf 82' lang='lat' dir='ltr'><strong>vigilat</strong></span> <span class='ocrx_word' id='word_1_264' title='bbox 1637 847 1711 899; x_wconf 93' lang='lat' dir='ltr'><strong>qui</strong></span> <span class='ocrx_word' id='word_1_265' title='bbox 1739 847 1935 890; x_wconf 82' lang='lat' dir='ltr'><strong>custodit</strong></span> 
     </span>
     <span class='ocr_line' id='line_1_57' title="bbox 1110 914 1217 943; baseline -0.009 0"><span class='ocrx_word' id='word_1_266' title='bbox 1110 914 1217 943; x_wconf 89' lang='lat' dir='ltr'><strong>eam.</strong></span> 
     </span>
    </p>

    <p class='ocr_par' dir='ltr' id='par_1_24' title="bbox 1110 958 1935 1168">
     <span class='ocr_line' id='line_1_58' title="bbox 1161 958 1935 1003; baseline 0.004 -4"><span class='ocrx_word' id='word_1_267' title='bbox 1161 958 1337 1000; x_wconf 91' lang='lat' dir='ltr'><strong>Vanum</strong></span> <span class='ocrx_word' id='word_1_268' title='bbox 1379 964 1446 1001; x_wconf 89' lang='lat' dir='ltr'><strong>est</strong></span> <span class='ocrx_word' id='word_1_269' title='bbox 1482 960 1610 1002; x_wconf 91' lang='lat' dir='ltr'><strong>vobis</strong></span> <span class='ocrx_word' id='word_1_270' title='bbox 1652 965 1754 1003; x_wconf 88' lang='lat' dir='ltr'><strong>ante</strong></span> <span class='ocrx_word' id='word_1_271' title='bbox 1792 960 1935 1003; x_wconf 89' lang='lat' dir='ltr'><strong>lucem</strong></span> 
     </span>
     <span class='ocr_line' id='line_1_59' title="bbox 1111 1015 1935 1070; baseline 0.005 -15"><span class='ocrx_word' id='word_1_272' title='bbox 1111 1018 1306 1067; x_wconf 85' lang='lat' dir='ltr'><strong>surgere:</strong></span> <span class='ocrx_word' id='word_1_273' title='bbox 1324 1015 1348 1042; x_wconf 90' lang='lat'>*</span> <span class='ocrx_word' id='word_1_274' title='bbox 1366 1016 1532 1068; x_wconf 90' lang='lat' dir='ltr'><strong>surgite</strong></span> <span class='ocrx_word' id='word_1_275' title='bbox 1555 1022 1791 1070; x_wconf 89' lang='lat' dir='ltr'><strong>postquam</strong></span> <span class='ocrx_word' id='word_1_276' title='bbox 1814 1016 1935 1059; x_wconf 91' lang='lat' dir='ltr'><strong>sede·</strong></span> 
     </span>
     <span class='ocr_line' id='line_1_60' title="bbox 1110 1072 1934 1168; baseline 0.005 -56"><span class='ocrx_word' id='word_1_277' title='bbox 1110 1072 1226 1168; x_wconf 45' lang='lat' dir='ltr'><strong>ritis,</strong></span> <span class='ocrx_word' id='word_1_278' title='bbox 1269 1072 1343 1124; x_wconf 93' lang='lat' dir='ltr'><strong>qui</strong></span> <span class='ocrx_word' id='word_1_279' title='bbox 1370 1072 1645 1115; x_wconf 80' lang='lat' dir='ltr'><strong>manducatis</strong></span> <span class='ocrx_word' id='word_1_280' title='bbox 1672 1086 1832 1127; x_wconf 86' lang='lat' dir='ltr'><strong>panem</strong></span> <span class='ocrx_word' id='word_1_281' title='bbox 1859 1073 1934 1116; x_wconf 91' lang='lat' dir='ltr'><strong>do-</strong></span> 
     </span>
    </p>

    <p class='ocr_par' dir='ltr' id='par_1_25' title="bbox 1128 1141 1227 1170">
     <span class='ocr_line' id='line_1_61' title="bbox 1128 1141 1227 1170; baseline -0.01 0"><span class='ocrx_word' id='word_1_282' title='bbox 1128 1141 1227 1170; x_wconf 91' lang='lat' dir='ltr'><strong>or1s.</strong></span> 
     </span>
    </p>

    <p class='ocr_par' dir='ltr' id='par_1_26' title="bbox 1109 1185 1937 1349">
     <span class='ocr_line' id='line_1_62' title="bbox 1162 1185 1935 1228; baseline 0.003 -2"><span class='ocrx_word' id='word_1_283' title='bbox 1162 1185 1271 1226; x_wconf 93' lang='lat' dir='ltr'><strong>Cum</strong></span> <span class='ocrx_word' id='word_1_284' title='bbox 1307 1185 1480 1228; x_wconf 80' lang='lat' dir='ltr'><strong>dederit</strong></span> <span class='ocrx_word' id='word_1_285' title='bbox 1521 1185 1693 1228; x_wconf 88' lang='lat' dir='ltr'><strong>dilectis</strong></span> <span class='ocrx_word' id='word_1_286' title='bbox 1735 1186 1826 1227; x_wconf 90' lang='lat' dir='ltr'><strong>suis</strong></span> <span class='ocrx_word' id='word_1_287' title='bbox 1868 1198 1935 1228; x_wconf 91' lang='lat' dir='ltr'><strong>so-</strong></span> 
     </span>
     <span class='ocr_line' id='line_1_63' title="bbox 1109 1242 1937 1285; baseline 0.002 -3"><span class='ocrx_word' id='word_1_288' title='bbox 1109 1255 1274 1283; x_wconf 89' lang='lat' dir='ltr'><strong>mnum:</strong></span> <span class='ocrx_word' id='word_1_289' title='bbox 1301 1242 1325 1268; x_wconf 87' lang='lat'>*</span> <span class='ocrx_word' id='word_1_290' title='bbox 1354 1255 1457 1284; x_wconf 90' lang='lat' dir='ltr'><strong>ecce</strong></span> <span class='ocrx_word' id='word_1_291' title='bbox 1489 1242 1726 1285; x_wconf 87' lang='lat' dir='ltr'><strong>haereditas</strong></span> <span class='ocrx_word' id='word_1_292' title='bbox 1756 1242 1937 1284; x_wconf 90' lang='lat' dir='ltr'><strong>Domini</strong></span> 
     </span>
     <span class='ocr_line' id='line_1_64' title="bbox 1111 1298 1790 1349; baseline 0.003 -11"><span class='ocrx_word' id='word_1_293' title='bbox 1111 1298 1204 1339; x_wconf 86' lang='lat' dir='ltr'><strong>fssii:</strong></span> <span class='ocrx_word' id='word_1_294' title='bbox 1222 1312 1402 1349; x_wconf 87' lang='lat' dir='ltr'><strong>merces,</strong></span> <span class='ocrx_word' id='word_1_295' title='bbox 1423 1300 1591 1341; x_wconf 89' lang='lat' dir='ltr'><strong>fructus</strong></span> <span class='ocrx_word' id='word_1_296' title='bbox 1611 1299 1790 1342; x_wconf 88' lang='lat' dir='ltr'><strong>ventris.</strong></span> 
     </span>
    </p>

    <p class='ocr_par' dir='ltr' id='par_1_27' title="bbox 1110 1354 1937 1454">
     <span class='ocr_line' id='line_1_65' title="bbox 1162 1354 1937 1408; baseline -0.001 -12"><span class='ocrx_word' id='word_1_297' title='bbox 1162 1355 1283 1397; x_wconf 89' lang='lat' dir='ltr'><strong>Sicut</strong></span> <span class='ocrx_word' id='word_1_298' title='bbox 1308 1358 1481 1407; x_wconf 85' lang='lat' dir='ltr'><strong>sagittae</strong></span> <span class='ocrx_word' id='word_1_299' title='bbox 1507 1356 1551 1397; x_wconf 91' lang='lat' dir='ltr'><strong>in</strong></span> <span class='ocrx_word' id='word_1_300' title='bbox 1571 1369 1702 1397; x_wconf 91' lang='lat' dir='ltr'><strong>manu</strong></span> <span class='ocrx_word' id='word_1_301' title='bbox 1725 1354 1937 1408; x_wconf 87' lang='lat' dir='ltr'><strong>potentis:</strong></span> 
     </span>
     <span class='ocr_line' id='line_1_66' title="bbox 1110 1411 1628 1454; baseline 0.002 -2"><span class='ocrx_word' id='word_1_302' title='bbox 1110 1411 1133 1437; x_wconf 88' lang='lat'>*</span> <span class='ocrx_word' id='word_1_303' title='bbox 1153 1411 1215 1452; x_wconf 90' lang='lat' dir='ltr'><strong>ita</strong></span> <span class='ocrx_word' id='word_1_304' title='bbox 1232 1411 1312 1453; x_wconf 87' lang='lat' dir='ltr'><strong>filii</strong></span> <span class='ocrx_word' id='word_1_305' title='bbox 1332 1414 1628 1454; x_wconf 86' lang='lat' dir='ltr'><strong>excussorum.</strong></span> 
     </span>
    </p>

    <p class='ocr_par' dir='ltr' id='par_1_28' title="bbox 1110 1468 1937 1690">
     <span class='ocr_line' id='line_1_67' title="bbox 1162 1468 1936 1522; baseline 0.003 -14"><span class='ocrx_word' id='word_1_306' title='bbox 1162 1468 1327 1510; x_wconf 78' lang='lat' dir='ltr'><strong>Beatus</strong></span> <span class='ocrx_word' id='word_1_307' title='bbox 1353 1468 1420 1511; x_wconf 90' lang='lat' dir='ltr'><strong>vir</strong></span> <span class='ocrx_word' id='word_1_308' title='bbox 1446 1469 1520 1521; x_wconf 90' lang='lat' dir='ltr'><strong>qui</strong></span> <span class='ocrx_word' id='word_1_309' title='bbox 1543 1468 1742 1522; x_wconf 87' lang='lat' dir='ltr'><strong>implevit</strong></span> <span class='ocrx_word' id='word_1_310' title='bbox 1767 1468 1936 1511; x_wconf 90' lang='lat' dir='ltr'><strong>deside-</strong></span> 
     </span>
     <span class='ocr_line' id='line_1_68' title="bbox 1110 1525 1937 1578; baseline 0.002 -13"><span class='ocrx_word' id='word_1_311' title='bbox 1110 1525 1222 1566; x_wconf 92' lang='lat' dir='ltr'><strong>rium</strong></span> <span class='ocrx_word' id='word_1_312' title='bbox 1243 1538 1370 1566; x_wconf 92' lang='lat' dir='ltr'><strong>suum</strong></span> <span class='ocrx_word' id='word_1_313' title='bbox 1390 1538 1444 1567; x_wconf 86' lang='lat' dir='ltr'><strong>ex</strong></span> <span class='ocrx_word' id='word_1_314' title='bbox 1462 1525 1587 1578; x_wconf 88' lang='lat' dir='ltr'><strong>ipsis:</strong></span> <span class='ocrx_word' id='word_1_315' title='bbox 1607 1525 1631 1551; x_wconf 89' lang='lat'>*</span> <span class='ocrx_word' id='word_1_316' title='bbox 1649 1538 1737 1567; x_wconf 91' lang='lat' dir='ltr'><strong>non</strong></span> <span class='ocrx_word' id='word_1_317' title='bbox 1761 1525 1937 1567; x_wconf 78' lang='lat' dir='ltr'><strong>confun-</strong></span> 
     </span>
     <span class='ocr_line' id='line_1_69' title="bbox 1112 1580 1937 1634; baseline 0.001 -12"><span class='ocrx_word' id='word_1_318' title='bbox 1112 1580 1239 1622; x_wconf 89' lang='lat' dir='ltr'><strong>detur</strong></span> <span class='ocrx_word' id='word_1_319' title='bbox 1274 1594 1374 1623; x_wconf 93' lang='lat' dir='ltr'><strong>cum</strong></span> <span class='ocrx_word' id='word_1_320' title='bbox 1400 1581 1604 1634; x_wconf 90' lang='lat' dir='ltr'><strong>loquetur</strong></span> <span class='ocrx_word' id='word_1_321' title='bbox 1631 1582 1819 1624; x_wconf 84' lang='lat' dir='ltr'><strong>inimicis</strong></span> <span class='ocrx_word' id='word_1_322' title='bbox 1846 1581 1937 1624; x_wconf 88' lang='lat' dir='ltr'><strong>suis</strong></span> 
     </span>
     <span class='ocr_line' id='line_1_70' title="bbox 1110 1638 1313 1690; baseline 0.005 -12"><span class='ocrx_word' id='word_1_323' title='bbox 1110 1638 1154 1678; x_wconf 91' lang='lat' dir='ltr'><strong>in</strong></span> <span class='ocrx_word' id='word_1_324' title='bbox 1172 1642 1313 1690; x_wconf 87' lang='lat' dir='ltr'><strong>porta.</strong></span> 
     </span>
    </p>

    <p class='ocr_par' dir='ltr' id='par_1_29' title="bbox 1111 1694 1938 1848">
     <span class='ocr_line' id='line_1_71' title="bbox 1169 1694 1938 1736; baseline 0.005 -4"><span class='ocrx_word' id='word_1_325' title='bbox 1169 1694 1266 1733; x_wconf 72' lang='lat' dir='ltr'><strong>Ant.</strong></span> <span class='ocrx_word' id='word_1_326' title='bbox 1295 1694 1388 1735; x_wconf 88' lang='lat' dir='ltr'><strong>Jam</strong></span> <span class='ocrx_word' id='word_1_327' title='bbox 1415 1694 1555 1736; x_wconf 90' lang='lat' dir='ltr'><strong>hiems</strong></span> <span class='ocrx_word' id='word_1_328' title='bbox 1583 1694 1770 1736; x_wconf 80' lang='lat' dir='ltr'><strong>transiit:</strong></span> <span class='ocrx_word' id='word_1_329' title='bbox 1797 1694 1938 1736; x_wconf 91' lang='lat' dir='ltr'><strong>imber</strong></span> 
     </span>
     <span class='ocr_line' id='line_1_72' title="bbox 1111 1750 1937 1802; baseline 0.001 -11"><span class='ocrx_word' id='word_1_330' title='bbox 1111 1750 1230 1799; x_wconf 80' lang='lat' dir='ltr'><strong>abiit,</strong></span> <span class='ocrx_word' id='word_1_331' title='bbox 1248 1755 1291 1791; x_wconf 91' lang='lat' dir='ltr'><strong>et</strong></span> <span class='ocrx_word' id='word_1_332' title='bbox 1309 1750 1505 1792; x_wconf 87' lang='lat' dir='ltr'><strong>recessit:</strong></span> <span class='ocrx_word' id='word_1_333' title='bbox 1523 1763 1652 1802; x_wconf 88' lang='lat' dir='ltr'><strong>surge</strong></span> <span class='ocrx_word' id='word_1_334' title='bbox 1672 1753 1811 1792; x_wconf 77' lang='lat' dir='ltr'><strong>amica</strong></span> <span class='ocrx_word' id='word_1_335' title='bbox 1828 1763 1937 1801; x_wconf 89' lang='lat' dir='ltr'><strong>mea,</strong></span> 
     </span>
     <span class='ocr_line' id='line_1_73' title="bbox 1111 1807 1283 1848; baseline -0.006 0"><span class='ocrx_word' id='word_1_336' title='bbox 1111 1812 1154 1848; x_wconf 92' lang='lat' dir='ltr'><strong>et</strong></span> <span class='ocrx_word' id='word_1_337' title='bbox 1173 1807 1283 1848; x_wconf 91' lang='lat' dir='ltr'><strong>veni.</strong></span> 
     </span>
    </p>

    <p class='ocr_par' dir='ltr' id='par_1_30' title="bbox 1111 1864 1938 2019">
     <span class='ocr_line' id='line_1_74' title="bbox 1168 1864 1938 1917; baseline 0.005 -15"><span class='ocrx_word' id='word_1_338' title='bbox 1168 1864 1265 1904; x_wconf 75' lang='lat' dir='ltr'><strong>Ant.</strong></span> <span class='ocrx_word' id='word_1_339' title='bbox 1293 1864 1500 1917; x_wconf 87' lang='lat' dir='ltr'><strong>Speciosa</strong></span> <span class='ocrx_word' id='word_1_340' title='bbox 1518 1864 1542 1890; x_wconf 85' lang='lat'>*</span> <span class='ocrx_word' id='word_1_341' title='bbox 1563 1864 1677 1906; x_wconf 88' lang='lat' dir='ltr'><strong>facta</strong></span> <span class='ocrx_word' id='word_1_342' title='bbox 1701 1877 1748 1906; x_wconf 92' lang='lat' dir='ltr'><strong>es</strong></span> <span class='ocrx_word' id='word_1_343' title='bbox 1775 1868 1819 1906; x_wconf 91' lang='lat' dir='ltr'><strong>et</strong></span> <span class='ocrx_word' id='word_1_344' title='bbox 1843 1865 1938 1906; x_wconf 78' lang='lat' dir='ltr'><strong>sua-</strong></span> 
     </span>
     <span class='ocr_line' id='line_1_75' title="bbox 1111 1920 1937 1971; baseline 0.001 -10"><span class='ocrx_word' id='word_1_345' title='bbox 1111 1921 1176 1961; x_wconf 87' lang='lat' dir='ltr'><strong>vis</strong></span> <span class='ocrx_word' id='word_1_346' title='bbox 1197 1921 1241 1961; x_wconf 93' lang='lat' dir='ltr'><strong>in</strong></span> <span class='ocrx_word' id='word_1_347' title='bbox 1260 1920 1428 1962; x_wconf 84' lang='lat' dir='ltr'><strong>deliciis</strong></span> <span class='ocrx_word' id='word_1_348' title='bbox 1452 1921 1554 1971; x_wconf 86' lang='lat' dir='ltr'><strong>tuis,</strong></span> <span class='ocrx_word' id='word_1_349' title='bbox 1581 1925 1732 1963; x_wconf 88' lang='lat' dir='ltr'><strong>sancta</strong></span> <span class='ocrx_word' id='word_1_350' title='bbox 1750 1921 1835 1963; x_wconf 89' lang='lat' dir='ltr'><strong>Dei</strong></span> <span class='ocrx_word' id='word_1_351' title='bbox 1854 1920 1937 1963; x_wconf 87' lang='lat' dir='ltr'><strong>Ge-</strong></span> 
     </span>
     <span class='ocr_line' id='line_1_76' title="bbox 1111 1977 1252 2019; baseline 0 -1"><span class='ocrx_word' id='word_1_352' title='bbox 1111 1977 1252 2019; x_wconf 90' lang='lat' dir='ltr'><strong>nitrix.</strong></span> 
     </span>
    </p>

    <p class='ocr_par' dir='ltr' id='par_1_31' title="bbox 1115 2028 1936 2189">
     <span class='ocr_line' id='line_1_77' title="bbox 1378 2028 1682 2070; baseline 0 -2"><span class='ocrx_word' id='word_1_353' title='bbox 1378 2028 1576 2070; x_wconf 85' lang='lat' dir='ltr'><strong>Psalmus</strong></span> <span class='ocrx_word' id='word_1_354' title='bbox 1597 2029 1682 2069; x_wconf 87' lang='grc'><strong>147.</strong></span> 
     </span>
     <span class='ocr_line' id='line_1_78' title="bbox 1115 2083 1936 2189; baseline 0 -58"><span class='ocrx_word' id='word_1_355' title='bbox 1115 2083 1297 2189; x_wconf 87' lang='lat' dir='ltr'><strong>Lauda</strong></span> <span class='ocrx_word' id='word_1_356' title='bbox 1339 2090 1583 2133; x_wconf 77' lang='lat' dir='ltr'><strong>Jerusalem</strong></span> <span class='ocrx_word' id='word_1_357' title='bbox 1625 2090 1876 2132; x_wconf 81' lang='lat' dir='ltr'><strong>Dominum:</strong></span> <span class='ocrx_word' id='word_1_358' title='bbox 1913 2090 1936 2115; x_wconf 82' lang='lat'><strong>¹⁸¹</strong></span> 
     </span>
     <span class='ocr_line' id='line_1_79' title="bbox 1196 2146 1804 2189; baseline -0.003 0"><span class='ocrx_word' id='word_1_359' title='bbox 1196 2148 1219 2174; x_wconf 87' lang='lat'>*</span> <span class='ocrx_word' id='word_1_360' title='bbox 1238 2146 1370 2189; x_wconf 86' lang='lat' dir='ltr'><strong>lauda</strong></span> <span class='ocrx_word' id='word_1_361' title='bbox 1386 2147 1530 2189; x_wconf 89' lang='lat' dir='ltr'><strong>Deum</strong></span> <span class='ocrx_word' id='word_1_362' title='bbox 1548 2151 1672 2188; x_wconf 90' lang='lat' dir='ltr'><strong>tuum</strong></span> <span class='ocrx_word' id='word_1_363' title='bbox 1689 2146 1804 2188; x_wconf 90' lang='lat' dir='ltr'><strong>Sion.</strong></span> 
     </span>
    </p>

    <p class='ocr_par' dir='ltr' id='par_1_32' title="bbox 1109 2203 1938 2358">
     <span class='ocr_line' id='line_1_80' title="bbox 1164 2203 1936 2256; baseline -0.003 -11"><span class='ocrx_word' id='word_1_364' title='bbox 1164 2204 1381 2254; x_wconf 84' lang='lat' dir='ltr'><strong>Quoniam</strong></span> <span class='ocrx_word' id='word_1_365' title='bbox 1404 2203 1668 2245; x_wconf 79' lang='lat' dir='ltr'><strong>confortavit</strong></span> <span class='ocrx_word' id='word_1_366' title='bbox 1691 2216 1812 2245; x_wconf 90' lang='lat' dir='ltr'><strong>seras</strong></span> <span class='ocrx_word' id='word_1_367' title='bbox 1837 2215 1936 2256; x_wconf 89' lang='lat' dir='ltr'><strong>por·</strong></span> 
     </span>
     <span class='ocr_line' id='line_1_81' title="bbox 1109 2258 1938 2302; baseline -0.002 0"><span class='ocrx_word' id='word_1_368' title='bbox 1109 2263 1254 2302; x_wconf 81' lang='lat' dir='ltr'><strong>tarum</strong></span> <span class='ocrx_word' id='word_1_369' title='bbox 1289 2261 1476 2301; x_wconf 74' lang='lat' dir='ltr'><strong>matum:</strong></span> <span class='ocrx_word' id='word_1_370' title='bbox 1511 2260 1535 2285; x_wconf 85' lang='lat'>*</span> <span class='ocrx_word' id='word_1_371' title='bbox 1570 2258 1795 2302; x_wconf 82' lang='lat' dir='ltr'><strong>benedixit</strong></span> <span class='ocrx_word' id='word_1_372' title='bbox 1837 2258 1938 2300; x_wconf 82' lang='lat' dir='ltr'><strong>filiis</strong></span> 
     </span>
     <span class='ocr_line' id='line_1_82' title="bbox 1110 2317 1331 2358; baseline 0 0"><span class='ocrx_word' id='word_1_373' title='bbox 1110 2317 1195 2358; x_wconf 90' lang='lat' dir='ltr'><strong>tuis</strong></span> <span class='ocrx_word' id='word_1_374' title='bbox 1213 2317 1257 2357; x_wconf 90' lang='lat' dir='ltr'><strong>in</strong></span> <span class='ocrx_word' id='word_1_375' title='bbox 1275 2320 1331 2358; x_wconf 83' lang='lat' dir='ltr'><strong>te.</strong></span> 
     </span>
    </p>

    <p class='ocr_par' dir='ltr' id='par_1_33' title="bbox 1111 2372 1937 2482">
     <span class='ocr_line' id='line_1_83' title="bbox 1163 2372 1937 2426; baseline -0.001 -12"><span class='ocrx_word' id='word_1_376' title='bbox 1163 2373 1246 2423; x_wconf 90' lang='lat' dir='ltr'><strong>Qui</strong></span> <span class='ocrx_word' id='word_1_377' title='bbox 1273 2372 1421 2426; x_wconf 88' lang='lat' dir='ltr'><strong>posuit</strong></span> <span class='ocrx_word' id='word_1_378' title='bbox 1447 2372 1556 2413; x_wconf 90' lang='lat' dir='ltr'><strong>fines</strong></span> <span class='ocrx_word' id='word_1_379' title='bbox 1583 2376 1684 2413; x_wconf 91' lang='lat' dir='ltr'><strong>tuos</strong></span> <span class='ocrx_word' id='word_1_380' title='bbox 1712 2384 1886 2424; x_wconf 86' lang='lat' dir='ltr'><strong>pacem:</strong></span> <span class='ocrx_word' id='word_1_381' title='bbox 1913 2373 1937 2399; x_wconf 77' lang='lat'><strong>²⁸¹</strong></span> 
     </span>
     <span class='ocr_line' id='line_1_84' title="bbox 1111 2427 1781 2482; baseline -0.003 -11"><span class='ocrx_word' id='word_1_382' title='bbox 1111 2434 1155 2471; x_wconf 93' lang='lat' dir='ltr'><strong>et</strong></span> <span class='ocrx_word' id='word_1_383' title='bbox 1181 2429 1312 2482; x_wconf 74' lang='lat' dir='ltr'><strong>adipe</strong></span> <span class='ocrx_word' id='word_1_384' title='bbox 1339 2427 1544 2470; x_wconf 89' lang='lat' dir='ltr'><strong>frumenti</strong></span> <span class='ocrx_word' id='word_1_385' title='bbox 1570 2429 1700 2469; x_wconf 76' lang='lat' dir='ltr'><strong>satiat</strong></span> <span class='ocrx_word' id='word_1_386' title='bbox 1727 2433 1781 2470; x_wconf 91' lang='lat' dir='ltr'><strong>te.</strong></span> 
     </span>
    </p>

    <p class='ocr_par' dir='ltr' id='par_1_34' title="bbox 1111 2484 1936 2594">
     <span class='ocr_line' id='line_1_85' title="bbox 1163 2484 1936 2537; baseline -0.003 -10"><span class='ocrx_word' id='word_1_387' title='bbox 1163 2486 1246 2536; x_wconf 86' lang='lat' dir='ltr'><strong>Qui</strong></span> <span class='ocrx_word' id='word_1_388' title='bbox 1273 2485 1431 2527; x_wconf 80' lang='lat' dir='ltr'><strong>emsttit</strong></span> <span class='ocrx_word' id='word_1_389' title='bbox 1457 2484 1679 2537; x_wconf 82' lang='lat' dir='ltr'><strong>eloquium</strong></span> <span class='ocrx_word' id='word_1_390' title='bbox 1707 2498 1832 2526; x_wconf 86' lang='lat' dir='ltr'><strong>suum</strong></span> <span class='ocrx_word' id='word_1_391' title='bbox 1853 2489 1936 2527; x_wconf 92' lang='lat' dir='ltr'><strong>ter-</strong></span> 
     </span>
     <span class='ocr_line' id='line_1_86' title="bbox 1111 2541 1936 2594; baseline 0 -11"><span class='ocrx_word' id='word_1_392' title='bbox 1111 2555 1187 2583; x_wconf 87' lang='lat' dir='ltr'><strong>rae:</strong></span> <span class='ocrx_word' id='word_1_393' title='bbox 1214 2542 1238 2567; x_wconf 86' lang='lat'>*</span> <span class='ocrx_word' id='word_1_394' title='bbox 1265 2541 1473 2583; x_wconf 86' lang='lat' dir='ltr'><strong>velociter</strong></span> <span class='ocrx_word' id='word_1_395' title='bbox 1502 2541 1635 2582; x_wconf 91' lang='lat' dir='ltr'><strong>currit</strong></span> <span class='ocrx_word' id='word_1_396' title='bbox 1663 2554 1807 2583; x_wconf 91' lang='lat' dir='ltr'><strong>sermo</strong></span> <span class='ocrx_word' id='word_1_397' title='bbox 1835 2541 1936 2594; x_wconf 91' lang='lat' dir='ltr'><strong>ejus.</strong></span> 
     </span>
    </p>

    <p class='ocr_par' dir='ltr' id='par_1_35' title="bbox 1111 2597 1936 2707">
     <span class='ocr_line' id='line_1_87' title="bbox 1163 2597 1936 2649; baseline -0.003 -9"><span class='ocrx_word' id='word_1_398' title='bbox 1163 2598 1247 2649; x_wconf 86' lang='lat' dir='ltr'><strong>Qui</strong></span> <span class='ocrx_word' id='word_1_399' title='bbox 1283 2597 1358 2639; x_wconf 88' lang='lat' dir='ltr'><strong>dat</strong></span> <span class='ocrx_word' id='word_1_400' title='bbox 1392 2598 1537 2639; x_wconf 86' lang='lat' dir='ltr'><strong>nivem</strong></span> <span class='ocrx_word' id='word_1_401' title='bbox 1573 2598 1686 2639; x_wconf 92' lang='lat' dir='ltr'><strong>sicut</strong></span> <span class='ocrx_word' id='word_1_402' title='bbox 1720 2597 1879 2638; x_wconf 88' lang='lat' dir='ltr'><strong>lanam:</strong></span> <span class='ocrx_word' id='word_1_403' title='bbox 1911 2598 1936 2624; x_wconf 83' lang='grc'><strong><em>*</em></strong></span> 
     </span>
     <span class='ocr_line' id='line_1_88' title="bbox 1111 2654 1875 2707; baseline 0 -12"><span class='ocrx_word' id='word_1_404' title='bbox 1111 2654 1314 2697; x_wconf 91' lang='lat' dir='ltr'><strong>nebulam</strong></span> <span class='ocrx_word' id='word_1_405' title='bbox 1341 2654 1452 2695; x_wconf 90' lang='lat' dir='ltr'><strong>sicut</strong></span> <span class='ocrx_word' id='word_1_406' title='bbox 1481 2656 1670 2695; x_wconf 86' lang='lat' dir='ltr'><strong>cinerem</strong></span> <span class='ocrx_word' id='word_1_407' title='bbox 1697 2654 1875 2707; x_wconf 89' lang='lat' dir='ltr'><strong>spargit.</strong></span> 
     </span>
    </p>

    <p class='ocr_par' dir='ltr' id='par_1_36' title="bbox 1161 2710 1933 2762">
     <span class='ocr_line' id='line_1_89' title="bbox 1161 2710 1933 2762; baseline -0.003 -9"><span class='ocrx_word' id='word_1_408' title='bbox 1161 2711 1293 2753; x_wconf 90' lang='lat' dir='ltr'><strong>Mittit</strong></span> <span class='ocrx_word' id='word_1_409' title='bbox 1308 2710 1560 2762; x_wconf 77' lang='lat' dir='ltr'><strong>crystallum</strong></span> <span class='ocrx_word' id='word_1_410' title='bbox 1577 2723 1700 2752; x_wconf 88' lang='lat' dir='ltr'><strong>suam</strong></span> <span class='ocrx_word' id='word_1_411' title='bbox 1711 2711 1823 2752; x_wconf 89' lang='lat' dir='ltr'><strong>sicut</strong></span> <span class='ocrx_word' id='word_1_412' title='bbox 1832 2710 1933 2753; x_wconf 91' lang='lat' dir='ltr'><strong>buc-</strong></span> 
     </span>
    </p>
   </div>
   <div class='ocr_carea' id='block_1_4' title="bbox 172 127 2001 2811">
    <p class='ocr_par' dir='ltr' id='par_1_37' title="bbox 172 127 2001 2811">
     <span class='ocr_line' id='line_1_90' title="bbox 172 127 2001 2811; baseline 0 0"><span class='ocrx_word' id='word_1_413' title='bbox 172 127 2001 2811; x_wconf 95' lang='lat' dir='ltr'><strong> </strong></span> 
     </span>
    </p>
   </div>
  </div>
 </body>
</html>
