2080 2990
728 224 963 267 Praeparatio
989 225 1037 258 ad
1060 225 1224 259 Missam.

135 317 345 362 caritatem,
383 329 460 363 qua
489 330 561 356 nos
592 322 752 357 miseros
785 327 822 358 et
854 323 949 358 indi-

133 376 230 411 gnos
255 368 311 403 sic
335 370 461 403 amare
485 369 664 414 dignatus
693 382 749 415 es,
780 376 821 407 ut
847 373 949 408 lava-

132 427 194 452 res
215 427 289 452 nos
312 428 336 452 a
357 419 526 462 peccatis
543 421 685 455 nostris
702 421 742 456 in
758 421 949 466 Sanguine

131 471 214 502 tuo:
239 468 335 503 doce
357 478 418 504 me
442 479 595 505 servum
616 474 722 506 tuum
742 471 950 516 indignum,

133 527 246 562 quem
273 518 372 554 inter
399 520 523 555 cetera
553 520 654 556 dona
675 525 741 556 tua
764 522 877 556 etiam
901 522 951 557 ad

133 568 300 603 officium
331 570 569 605 sacerdotale
601 573 740 606 vocare
772 572 949 616 dignatus

133 628 184 662 es,
207 618 324 653 nullis
339 619 436 654 meis
452 619 607 664 meritiS,
632 621 702 656 sed
718 622 802 656 sola
819 622 950 666 digna-

131 668 235 703 tiene
250 668 526 704 misericordiae
542 674 634 714 tuae3
652 671 747 706 doce
762 681 832 715 me,
849 682 950 716 quae-

133 727 193 761 so,
223 728 294 762 per
316 718 498 762 Spiritum
522 724 695 755 sanctum
718 725 840 764 tuum,
871 725 951 756 tan-

131 771 212 802 tum
233 770 396 804 tractare
419 770 642 814 mysterium
670 781 716 805 ea
738 772 951 806 reverentia

133 821 170 852 et
184 818 340 862 honore,
366 829 410 854 ea
427 820 632 856 devotiene
650 825 686 855 et
700 821 845 864 timere,
870 822 951 865 qui-

131 867 205 902 bus
230 869 381 911 opertet
403 873 440 904 et
463 870 582 906 decet.
616 870 694 905 Fac
709 881 768 905 me
785 881 854 914 per
869 873 951 914 gra-

132 917 225 951 tiam
248 922 352 952 tuam
375 929 527 964 semper
548 920 645 955 illud
675 921 721 955 de
745 925 850 956 tanto
872 931 951 965 my-

133 968 250 1002 sterio
275 968 428 1004 credere
451 974 489 1005 et
507 970 735 1014 intelligere,
759 971 898 1005 sentire
916 976 952 1006 et

132 1018 292 1053 firmiter
306 1020 443 1063 tenere,
462 1019 587 1055 dicere
601 1024 638 1055 et
651 1021 830 1064 cogitare,
847 1021 950 1065 quod

132 1068 205 1102 tibi
221 1068 358 1112 placet,
382 1073 419 1104 et
434 1070 590 1113 expedit
606 1070 743 1105 animae
758 1081 863 1105 meae.
892 1071 951 1105 In-

132 1121 206 1152 tret
228 1118 385 1162 spiritus
407 1123 495 1154 tuus
518 1120 644 1155 bonus
667 1121 707 1155 in
731 1131 797 1156 cor
815 1131 951 1164 meum,

134 1168 200 1211 qui
223 1173 334 1204 sonet
357 1169 412 1204 ibi
436 1169 518 1204 sine
543 1180 655 1214 sono,
687 1175 724 1205 et
751 1171 833 1205 sine
862 1173 951 1206 stre-

132 1217 216 1261 pitu
242 1219 448 1254 verberum
473 1220 654 1264 loquatur
682 1231 832 1255 omnem
854 1222 951 1256 veri-

131 1269 257 1303 tatem.
302 1269 499 1304 Profunda
531 1271 675 1314 quippe
709 1275 797 1305 sunt
826 1271 950 1315 nimis,

133 1321 171 1352 et
192 1328 302 1354 sacro
324 1322 424 1355 tecta
446 1320 646 1356 velamine.
689 1320 851 1365 Propter
875 1332 951 1356 ma-

132 1377 247 1410 gnam
274 1369 512 1404 clementiam
539 1374 644 1404 tuam
667 1371 833 1405 concede
856 1370 951 1405 mihi

131 1416 335 1453 Missamm
366 1419 552 1454 solemnia
582 1420 724 1455 mundo
755 1420 885 1463 corde,
915 1424 951 1455 et

131 1476 228 1510 pura
240 1472 365 1503 mente
379 1469 580 1504 celebrare.
597 1469 734 1505 Libera
749 1480 815 1505 cor
826 1480 950 1504 meum

133 1517 181 1552 ab
205 1517 410 1554 immundis
435 1523 472 1555 et
491 1520 683 1564 nefandis,
706 1521 818 1555 vanis
835 1524 871 1555 et
885 1521 950 1554 ne-

131 1567 208 1602 xiis
237 1569 544 1612 cogitationibus.
596 1570 702 1605 Muni
733 1581 791 1605 me
822 1571 950 1605 beate-

131 1628 215 1652 rum
237 1618 472 1663 Angelerum
499 1621 565 1665 pia
595 1625 631 1656 et
657 1621 734 1655 fida
764 1621 949 1664 custedia,

133 1678 178 1703 ac
193 1668 311 1703 tutela
326 1669 549 1714 fortissima,
572 1674 614 1705 ut
633 1670 765 1705 hostes
783 1670 951 1705 emnium

131 1718 319 1754 bonerum
348 1720 499 1755 confusi
526 1720 735 1756 discedant.
780 1720 854 1755 Per
875 1721 950 1755 vir-

131 1770 250 1803 tutem
279 1769 375 1804 tanti
403 1770 591 1814 mysterii,
626 1774 663 1805 et
695 1780 765 1814 per
798 1780 951 1804 manum

133 1819 256 1853 saneti
277 1818 419 1863 Angeli
448 1820 505 1855 tui
532 1820 675 1864 repelle
707 1830 729 1854 a
756 1830 832 1863 me,
863 1824 900 1854 et
928 1831 951 1854 a

133 1868 279 1903 cunctis
309 1869 432 1904 servis
460 1869 537 1905 tuis
567 1870 813 1905 durissimum
842 1870 950 1914 spiri-

131 1922 212 1953 tum
235 1918 441 1963 superbiae,
464 1923 502 1955 et
524 1920 764 1963 cenodoxiae,
793 1920 950 1955 invidiae

133 1971 170 2002 et
184 1967 447 2012 blasphemiae,
462 1969 727 2005 fornicatienis
745 1974 782 2005 et
793 1970 950 2004 immun-

133 2016 252 2061 ditiae,
285 2017 492 2054 dubietatis
516 2023 553 2054 et
574 2020 806 2055 diffidentiae.
852 2019 949 2055 Con-

131 2066 348 2110 fundantur,
371 2068 437 2112 qui
459 2079 531 2104 nos
552 2072 845 2114 persequuntur:
868 2071 950 2114 per-

133 2120 220 2152 eant
242 2117 310 2161 illi,
334 2118 401 2162 qui
422 2129 494 2154 nos
518 2120 677 2164 perdere
699 2120 888 2155 festinant.

303 2201 474 2237 Feria
510 2201 784 2237 Secunda.

186 2299 234 2324 ex
249 2290 454 2335 virginum,
478 2296 515 2327 et
539 2294 685 2327 ametor
704 2291 891 2326 castitatis
913 2294 950 2325 et

203 2340 442 2385 integritatis,
457 2340 605 2378 coeIesti
618 2352 703 2377 rore
716 2341 948 2377 benedictie-

131 2390 192 2424 nis
215 2394 292 2425 tuae
315 2392 514 2436 exstingue
542 2393 580 2427 in
604 2394 763 2436 cerpore
786 2402 871 2427 meo
896 2391 949 2426 fe-

131 2500 191 2524 me
214 2494 324 2526 tenor
347 2492 534 2527 castitatis
556 2492 729 2536 cerporis
749 2495 786 2526 et
802 2491 948 2526 einimae.

132 2539 316 2575 Mortifica
347 2541 387 2575 in
414 2542 595 2576 membris
618 2542 713 2576 meis
737 2541 862 2576 carnis
886 2541 948 2575 sti-

132 2590 272 2634 mulos,
301 2592 508 2636 omnesque
531 2592 761 2627 libidinesas
784 2600 948 2625 commo-

133 2639 272 2683 tiones,
309 2644 346 2675 et
380 2640 430 2675 da
460 2641 555 2675 mihi
586 2651 718 2676 veram
749 2644 786 2675 et
816 2641 948 2684 perpe-

132 2692 237 2724 tuam
252 2691 465 2726 castitatem
482 2701 567 2726 cum
584 2691 718 2727 ceteris
735 2691 847 2725 donis
862 2690 948 2733 tuis,

134 2748 220 2782 quae
242 2739 315 2775 tibi
336 2740 490 2784 placent
510 2741 551 2775 in
573 2741 747 2776 veritate:
771 2743 812 2774 ut
835 2739 949 2774 sacri-

285 2873 348 2899 Pm
363 2873 495 2899 Riemann.

1000 322 1130 357 ficium
1148 323 1274 359 laudis
1292 329 1398 360 casto
1416 327 1591 369 corpore,
1616 329 1653 360 et
1671 326 1813 360 mundo

1001 373 1116 407 corde
1128 374 1278 409 valeam
1293 375 1364 410 tibi
1381 375 1523 410 offerre.
1547 375 1697 417 Quanta
1714 376 1814 411 enim

1002 423 1129 458 cordis
1150 425 1375 460 contritiene
1392 430 1429 461 et
1444 426 1684 461 lacrimarum
1700 426 1814 470 fonte,

1001 476 1144 516 quanta
1165 475 1378 510 reverentia
1405 479 1442 510 et
1467 477 1644 519 tremore,
1674 480 1816 519 quanta

1001 523 1174 566 cerporis
1209 524 1382 559 castitate
1417 529 1454 560 et
1485 525 1622 560 animae
1650 526 1814 569 puritate

1001 572 1105 607 istud
1134 573 1304 609 divinum
1333 579 1370 610 et
1401 575 1554 611 coeleste
1586 576 1816 610 sacrificium

1002 626 1060 657 est
1082 623 1365 668 celebrandum,
1390 625 1456 660 ubi
1481 625 1580 661 Caro
1603 630 1667 660 tua
1691 626 1730 660 in
1752 636 1815 661 ve-

1001 672 1111 707 ritate
1135 674 1310 717 sumitur,
1332 675 1399 709 ubi
1415 674 1578 719 Sanguis
1594 679 1682 710 tuus
1698 676 1737 710 in
1753 685 1815 711 ve-

1001 722 1110 757 ritate
1126 723 1279 767 bibitur,
1300 724 1368 758 ubi
1386 724 1462 758 ima
1479 725 1645 768 summis,
1668 726 1816 760 terrena

1002 772 1143 807 divinis
1160 773 1374 817 junguntur,
1391 773 1457 808 ubi
1475 774 1584 809 adest
1600 776 1816 809 sanctorum

1000 821 1235 865 Angelorum
1254 823 1476 866 praesentia,
1499 824 1566 858 ubi
1581 827 1622 858 tu
1639 833 1679 858 es
1695 822 1816 858 Sacri-

1001 870 1131 906 ficium
1153 875 1190 907 et
1210 871 1397 908 Sacerdos
1418 873 1642 908 mirabiliter
1665 877 1702 908 et
1724 873 1816 908 inef-

1002 921 1167 956 fabiliter
1189 923 1431 958 constitutus!

1192 990 1371 1024 Feria
1408 990 1633 1026 Tertia.

1052 1055 1113 1089 uis
1139 1055 1252 1100 digne
1274 1056 1349 1091 hoc
1365 1056 1602 1092 Sacrificium
1626 1056 1817 1091 celebrare

1076 1107 1225 1150 poterit,
1237 1107 1314 1141 nisi
1332 1111 1373 1142 tu
1385 1107 1490 1142 Deus
1507 1107 1747 1150 omnipotens
1764 1106 1818 1140 of-

1002 1155 1183 1190 ferentem
1212 1156 1348 1191 feceris
1372 1157 1548 1200 dignum?
1577 1156 1666 1191 Scio
1690 1156 1818 1190 Demi-

1002 1215 1059 1248 ne,
1080 1210 1117 1240 et
1130 1216 1220 1241 vere
1241 1207 1332 1250 scio,
1357 1210 1394 1241 et
1411 1206 1578 1250 idipsum
1592 1206 1726 1250 pietati
1741 1210 1818 1241 tuae

1003 1256 1202 1300 confiteor,
1230 1258 1321 1301 quia
1343 1267 1420 1293 non
1444 1268 1527 1292 sum
1551 1257 1689 1301 dignus
1714 1258 1817 1291 acce-

1003 1306 1091 1341 dere
1116 1307 1165 1341 ad
1187 1311 1333 1342 tantum
1353 1308 1575 1352 mysterium
1592 1311 1750 1351 propter
1765 1307 1817 1341 ni-

1001 1357 1078 1391 mia
1093 1360 1250 1401 peccata
1265 1368 1365 1401 mea,
1390 1362 1427 1393 et
1443 1358 1608 1392 infinitas
1623 1357 1817 1401 negligen-

1001 1407 1075 1442 tias
1104 1417 1219 1442 meas.
1264 1407 1341 1442 Sed
1365 1408 1462 1451 scio,
1492 1412 1528 1442 et
1555 1407 1742 1443 veraciter
1770 1416 1818 1441 ex

1001 1461 1082 1492 toto
1104 1458 1217 1493 corde
1233 1468 1318 1493 meo
1335 1458 1460 1501 credo,
1485 1462 1521 1493 et
1538 1468 1603 1493 ore
1622 1456 1817 1499 confiteor,

1002 1507 1092 1550 quia
1113 1511 1154 1542 tu
1177 1511 1288 1551 potes
1311 1518 1370 1542 me
1398 1507 1522 1543 facere
1550 1507 1722 1550 dignum,
1752 1506 1817 1550 qui

1001 1558 1108 1592 solus
1127 1562 1238 1601 potes
1259 1558 1382 1593 facere
1398 1558 1581 1593 mundum
1597 1557 1644 1591 de
1661 1557 1817 1591 immun-

1002 1606 1052 1641 do
1075 1607 1301 1650 conceptum
1325 1607 1485 1650 semine,
1517 1611 1554 1641 et
1576 1606 1623 1641 de
1645 1606 1818 1649 peccato-

1001 1656 1108 1691 ribus
1124 1657 1245 1700 justos
1262 1662 1299 1692 et
1314 1661 1478 1692 sanctos.
1499 1656 1572 1691 Per
1587 1656 1686 1691 hanc
1700 1655 1817 1690 omni-

1001 1706 1211 1749 potentiam
1237 1710 1341 1741 tuam
1367 1711 1403 1741 te
1427 1716 1538 1750 rogo,
1567 1706 1672 1740 Deus
1699 1715 1816 1747 meus,

982 1759 1042 1790 ut
1066 1756 1254 1791 concedas
1277 1757 1371 1790 mihi
1394 1755 1587 1800 peccateri
1605 1755 1680 1789 hoc
1702 1755 1817 1789 sacri-

1001 1806 1131 1840 ficium
1164 1806 1355 1840 celebrare
1390 1816 1474 1840 cum
1508 1805 1642 1840 timere
1675 1807 1711 1839 et
1745 1807 1817 1838 tre-

1001 1857 1115 1899 mere,
1139 1866 1224 1890 cum
1247 1855 1375 1890 cordis
1398 1855 1562 1899 puritate
1587 1857 1623 1888 et
1645 1852 1816 1888 lacrima-

1001 1915 1085 1939 rum
1106 1905 1221 1947 fonte,
1246 1915 1331 1939 cum
1355 1905 1487 1940 laetitia
1509 1903 1673 1948 spiritali
1690 1906 1726 1937 et
1742 1912 1816 1937 coe-

1000 1955 1087 1989 lesti
1109 1955 1262 1998 gaudio.
1296 1954 1441 1989 Sentiat
1463 1964 1570 1988 mens
1590 1963 1675 1987 mea
1692 1951 1815 1986 dulce-

1002 2005 1130 2039 dinem
1155 2004 1388 2039 beatissimae
1415 2003 1631 2048 praesentiae
1653 2006 1747 2045 tuae,
1779 2004 1816 2036 et

1001 2054 1184 2089 excubias
1219 2055 1435 2089 sancterum
1468 2053 1703 2097 Angelerum
1735 2051 1815 2086 tue-

1000 2115 1084 2139 rum
1107 2104 1148 2138 in
1170 2103 1330 2139 circuitu
1352 2113 1447 2139 meo.

1182 2168 1363 2203 Feria
1399 2168 1639 2213 Quarta.

1004 2247 1102 2324 Ego
1133 2242 1247 2285 enim,
1269 2242 1445 2285 Domine,
1469 2251 1613 2276 memor
1634 2241 1814 2275 veneran-

1079 2293 1139 2327 dae
1159 2292 1354 2336 passienis
1370 2295 1447 2326 tuae
1469 2290 1608 2326 accedo
1630 2290 1680 2324 ad
1696 2289 1813 2323 altere

999 2346 1119 2385 tuum,
1150 2341 1240 2376 licet
1268 2343 1462 2385 peccator,
1490 2344 1531 2375 ut
1559 2339 1714 2374 offeram
1742 2336 1813 2372 tibi

1000 2392 1246 2435 sacrificium,
1269 2391 1374 2435 quod
1397 2395 1437 2426 tu
1461 2388 1672 2431 instituisti,
1702 2391 1738 2422 et
1760 2387 1813 2422 of-

999 2441 1088 2476 ferri
1111 2441 1329 2485 praecepisti
1352 2441 1391 2475 in
1418 2437 1814 2475 commemorationem

999 2491 1069 2534 tui,
1097 2500 1168 2535 pro
1193 2491 1315 2525 salute
1338 2493 1478 2524 nostra.
1525 2487 1684 2531 Suscipe
1707 2485 1812 2529 illud,

1001 2550 1144 2584 quaeso,
1162 2549 1306 2575 summe
1322 2539 1436 2581 Deus,
1452 2547 1522 2582 pro
1539 2536 1711 2572 Ecclesia
1729 2545 1813 2570 san-

1000 2594 1061 2625 cta
1076 2594 1156 2634 tua,
1182 2594 1219 2625 et
1239 2600 1310 2634 pro
1331 2589 1491 2633 populo,
1517 2597 1629 2631 quem
1650 2585 1813 2629 acquisi-

999 2640 1090 2674 visti
1121 2639 1306 2683 sanguine
1336 2643 1413 2673 tuo.
1462 2637 1510 2671 Et
1541 2636 1720 2680 quoniam
1752 2645 1812 2669 me

999 2690 1238 2733 peccatorem
1260 2689 1358 2722 inter
1380 2691 1416 2722 te
1440 2690 1477 2721 et
1500 2686 1673 2721 eumdem
1692 2685 1812 2729 pepu-

999 2740 1078 2774 lum
1100 2744 1205 2774 tuum
1226 2737 1392 2773 medium
1415 2747 1500 2772 esse
1523 2735 1694 2778 voluisti,
1722 2735 1813 2769 licet
