2080 2990
511 223 685 256 (micioni
712 223 885 256 votivum
912 222 958 255 dc
983 223 1038 255 ὃς.
1065 219 1407 263 Ap‹f›stolis·1‘ctro
1433 225 1469 252 ct
1493 218 1623 253 Paulo.

205 321 402 362 Pretiosa
418 325 484 361 est
503 332 608 370 ergo
627 320 670 360 in
690 321 931 371 conspectu
946 320 1032 360 Do-

206 377 307 417 mini
323 389 441 416 mors
459 378 710 417 sanctarum
726 377 831 426 eius:
850 389 931 416 nec
944 375 1033 415 ullo

207 431 477 473 crudelitatis
506 434 664 482 genere
693 430 858 473 destrui
887 436 1035 483 potest

207 490 479 529 sacramento
506 488 647 529 crucis
671 487 831 529 Christi
855 486 1036 528 fundata

206 543 369 593 religio.
388 543 489 584 Non
502 543 709 584 minnitur
723 542 1034 595 persecutioni-

205 598 287 639 bus
307 598 515 647 Ecclesia,
539 598 618 639 sed
637 601 833 648 augetur:
861 604 903 639 et
926 610 1034 638 sem-

207 667 286 706 per
307 654 564 695 Dominicus
590 667 692 704 ager
717 656 865 704 segete
890 653 1035 694 ditiori

208 712 406 759 vestitur,
434 709 538 751 dum
562 722 712 760 grana,
742 722 840 761 quae
867 708 1035 759 singula

208 765 392 814 cadunt,
449 765 737 817 multiplicata
788 768 1036 806 nascantur.

207 820 333 862 Unde
359 820 447 862 duo
472 821 554 862 ista
577 821 791 872 praeclara
815 820 948 861 divini
973 822 1036 861 se-

208 877 335 917 minis
350 877 544 927 germina
558 877 600 916 in
617 883 822 927 quantam
837 876 1035 918 sobolem

207 933 498 982 germinarint,
522 932 751 973 beatorum
771 932 906 973 millia
924 932 1036 972 Mar-

207 994 352 1039 tyrum
380 990 696 1040 protestantur,
728 988 801 1039 qui
829 988 1037 1040 apostoli-

210 1046 359 1084 carum
373 1043 516 1084 aemuli
529 1043 860 1096 triumphorum,
872 1043 1037 1085 Urbem

209 1103 402 1139 nostram
427 1100 692 1151 purpuratis,
717 1105 760 1141 et
782 1099 911 1149 longe
933 1099 1036 1140 late-

211 1167 295 1205 que
306 1154 584 1196 rutilantibus
594 1155 770 1207 pepulis
782 1155 1038 1204 ambierunt,

210 1216 253 1251 et
271 1211 395 1262 quasi
414 1223 468 1251 ex
486 1211 721 1251 multarum
737 1211 904 1252 honore
923 1224 1038 1261 gem-

209 1267 377 1306 marum
418 1268 622 1307 conserto
663 1279 750 1307 uno
791 1266 1039 1308 diademate

210 1324 486 1363 coronarunt.

266 1382 314 1431 R.
331 1376 435 1418 Vidi
455 1379 711 1430 conjunctos
731 1379 860 1428 viros,
879 1378 1039 1419 haben-

209 1438 276 1473 tes
304 1433 558 1485 splendidas
587 1439 748 1483 vestes,
777 1439 821 1475 et
844 1434 1040 1484 Angelus

210 1488 387 1528 Demini
408 1489 581 1530 locatus
605 1495 671 1530 est
693 1489 749 1531 ad
767 1502 848 1539 me,
874 1489 1040 1531 dicens:

214 1548 234 1569 *
261 1544 339 1585 Isti
370 1550 469 1585 sunt
502 1546 582 1586 viri
615 1546 753 1586 sancti
780 1545 884 1586 facti
913 1546 1040 1586 amici

212 1598 306 1639 Dei.
335 1595 384 1644 δ”.
410 1599 514 1641 Vidi
533 1601 750 1650 Angelum
768 1601 851 1641 Dei
872 1601 1041 1650 fortem,

212 1654 432 1695 volantem
445 1668 525 1707 per
539 1655 730 1697 medium
745 1657 916 1706 coelum,
931 1669 1041 1697 voce

211 1722 369 1760 magna
383 1710 643 1752 clamantem
657 1716 701 1753 et
715 1711 943 1754 dicentem.
962 1713 1041 1754 Isti

213 1770 313 1806 sunt
331 1766 423 1806 viri.

521 1817 673 1857 Lectio
697 1831 731 1855 v.

212 1867 323 1971 De
350 1890 537 1928 quorum
561 1878 786 1931 praesidio,
816 1878 1041 1920 dilectissi-

322 1933 397 1982 mi,
425 1932 631 1975 divinitus
658 1934 786 1975 nobis
814 1934 871 1975 ad
899 1937 1040 1976 exem-

211 1988 332 2040 plum
354 1989 576 2040 patientiae
596 1995 640 2031 et
664 1990 1042 2032 confirmati6nem

212 2042 315 2084 fidei
338 2047 600 2096 praeparato,
623 2046 927 2088 universaliter
952 2047 1042 2098 qui-

213 2098 313 2140 dem
343 2100 387 2139 in
419 2101 611 2142 omnium
638 2102 897 2143 Sanctarum
926 2115 1041 2144 com-

211 2156 526 2197 memorati6ne
544 2156 784 2199 laetandum
804 2163 884 2199 est:
904 2158 1043 2199 sedin

212 2209 368 2251 horum
396 2212 652 2254 excellentia
678 2214 858 2255 Patrum
884 2214 1041 2256 merito

213 2271 280 2307 est
306 2266 588 2309 excellentius
613 2268 904 2320 gloriandum,
930 2283 1042 2322 quos

212 2322 353 2371 gratia
371 2322 454 2363 Dei
478 2323 521 2363 in
544 2328 713 2365 tantum
738 2326 908 2377 apicem
930 2326 1043 2367 inter

214 2377 358 2418 omnia
378 2378 587 2419 Ecclesiae
610 2380 806 2421 membra
828 2382 1042 2433 provexit,

214 2437 261 2472 ut
293 2444 370 2473 eos
401 2434 444 2473 in
477 2437 683 2486 corpore,
716 2436 786 2477 cui
816 2443 948 2489 caput
976 2443 1043 2479 est

216 2486 432 2538 Christus,
470 2490 594 2540 quasi
629 2491 849 2540 geminum
886 2493 1042 2534 consti-

214 2545 359 2583 tueret
385 2543 530 2585 lumen
559 2546 797 2587 oculerum.
842 2547 910 2588 De
937 2560 1042 2599 quo-

214 2610 310 2638 rum
330 2599 496 2640 meritis
517 2605 648 2651 atque
671 2601 919 2651 virtutibus,
944 2616 1043 2654 quae

216 2665 389 2694 omnem
410 2653 617 2705 loquendi
637 2660 846 2709 saperant
864 2657 1042 2699 faculta-

214 2713 314 2758 tem,
332 2708 438 2749 nihil
457 2708 687 2762 djversum,
705 2712 811 2753 nihil
830 2712 1043 2755 debemus

1088 320 1248 359 sentire
1268 317 1520 359 discretum:
1541 318 1643 369 quia
1658 318 1758 360 illos
1774 324 1818 360 et
1834 318 1917 359 ele-

1088 374 1175 415 ctio
1195 386 1336 426 pares,
1357 378 1401 414 et
1419 373 1546 414 labor
1565 373 1738 424 similes,
1758 379 1802 415 et
1821 373 1918 414 finis

1088 429 1191 470 fecit
1210 429 1416 480 aequales.

1147 490 1196 540 R·.
1214 489 1341 530 Beati
1361 489 1477 540 estis,
1496 502 1597 530 cum
1615 488 1920 531 maledixerint

1088 545 1215 587 vobis
1246 544 1466 594 hemines,
1505 549 1548 586 et
1582 545 1805 597 persecuti
1839 558 1920 586 vos

1088 601 1266 650 fuerint,
1300 606 1343 642 et
1378 600 1567 642 dixerint
1600 613 1728 657 omne
1758 601 1921 642 malum

1089 656 1323 698 adversum
1339 670 1431 706 VOS,
1450 657 1720 704 mentientes
1736 662 1922 710 propter

1089 726 1176 754 me:
1206 717 1228 738 *
1254 712 1456 754 Gaudete
1484 718 1528 754 et
1553 712 1786 762 exsultate,
1816 715 1922 764 quo-

1090 769 1206 809 niam
1227 781 1397 810 merces
1422 774 1569 810 vestra
1593 769 1775 820 copiosa
1794 774 1861 810 est
1879 769 1923 808 in

1092 824 1227 866 coelis.
1264 821 1315 872 V.
1342 825 1451 865 Cum
1478 837 1559 866 vos
1589 823 1762 866 ederint
1785 823 1923 866 hemi-

1091 893 1188 929 nes,
1223 886 1266 922 et
1293 894 1393 922 cum
1420 880 1720 933 separaverint
1747 892 1848 930 vos,
1879 885 1924 921 et

1092 936 1476 988 exprobraverint,
1519 941 1564 977 et
1605 936 1811 988 ejecerint
1849 948 1924 977 no-

1091 1005 1191 1033 men
1242 997 1437 1033 vestrum
1487 998 1712 1044 tamquam
1761 991 1924 1032 malum

1092 1053 1276 1100 propter
1298 1047 1457 1088 Filium
1482 1047 1680 1089 heminis.
1713 1047 1924 1089 Gaudete.

1397 1111 1549 1151 Lectio
1570 1111 1622 1150 vi.

1162 1174 1252 1214 icut
1285 1179 1432 1214 autem
1464 1177 1508 1214 et
1538 1185 1621 1213 nos
1655 1171 1826 1224 experti
1857 1185 1924 1212 su-

1188 1242 1303 1278 mus,
1331 1233 1374 1269 et
1402 1228 1542 1269 nostri
1568 1227 1813 1280 probavere
1837 1239 1925 1268 ma-

1092 1287 1222 1338 iores,
1252 1283 1470 1325 credimus
1494 1289 1627 1335 atque
1653 1282 1925 1332 confidimus,

1092 1342 1204 1383 inter
1242 1353 1393 1382 omnes
1433 1339 1611 1382 labores
1651 1339 1776 1380 istius
1812 1339 1926 1389 vitae,

1094 1396 1151 1438 ad
1173 1395 1457 1438 obtinendam
1478 1393 1826 1436 misericordiam
1842 1394 1927 1436 Dei

1095 1465 1271 1504 semper
1306 1464 1387 1492 nos
1428 1450 1686 1503 specialium
1720 1452 1927 1503 patrono-

1094 1522 1190 1550 rum
1232 1507 1503 1549 orationibus
1544 1505 1834 1558 adjuvandos:
1879 1511 1928 1548 ut

1095 1569 1306 1615 quantum
1335 1562 1528 1615 prepriis
1560 1562 1755 1614 peccatis
1784 1561 1927 1614 depri-

1093 1620 1261 1669 mimur,
1286 1623 1458 1660 tantum
1481 1617 1740 1670 apostelicis
1762 1617 1928 1659 meritis

1095 1675 1324 1725 erigamur.
1362 1675 1452 1715 Per
1467 1673 1706 1715 Dominum
1730 1678 1930 1715 nostrum

1094 1731 1119 1771 J
1122 1744 1245 1772 esum
1270 1729 1507 1779 Christum,
1535 1729 1605 1771 cui
1630 1734 1698 1770 est
1725 1742 1826 1771 cum
1848 1729 1928 1770 Pa-

1094 1791 1161 1827 tre
1187 1791 1231 1828 et
1257 1791 1409 1827 sancto
1433 1785 1599 1838 Spiritu
1625 1783 1781 1826 eadem
1805 1786 1928 1837 pote-

1095 1847 1202 1891 stas,
1230 1854 1318 1882 una
1344 1841 1565 1891 divinitas,
1592 1841 1637 1880 in
1662 1839 1826 1881 saecula
1849 1852 1928 1881 sae-

1096 1898 1304 1939 culorum.
1333 1898 1486 1938 Amen.

1150 1960 1199 2009 R.
1233 1957 1312 1999 Isti
1347 1962 1447 1999 sunt
1482 1956 1848 2009 triumphatores,
1885 1961 1929 1998 et

1096 2014 1223 2055 amici
1242 2013 1336 2063 Dei,
1362 2013 1436 2065 qui
1460 2014 1790 2054 contemnentes
1812 2013 1930 2064 iussa

1094 2069 1360 2122 principum,
1388 2071 1641 2110 meruerunt
1664 2068 1849 2121 praemia
1873 2080 1928 2109 ae-

1094 2127 1234 2167 terna:
1258 2125 1278 2147 *
1301 2124 1437 2167 Modo
1457 2127 1735 2174 coronantur,
1756 2129 1800 2165 et
1818 2126 1928 2165 acci-

1095 2181 1219 2233 piunt
1237 2181 1441 2234 palmam.
1475 2175 1525 2226 V.
1546 2180 1626 2221 Isti
1646 2184 1747 2220 sunt
1765 2179 1839 2231 qui
1858 2192 1928 2221 ve-

1096 2239 1253 2278 nerunt
1276 2249 1335 2277 ex
1362 2249 1520 2287 magna
1549 2235 1851 2284 tribulatione,
1885 2240 1930 2276 et

1095 2292 1295 2334 laverunt
1332 2292 1469 2333 stolas
1503 2303 1605 2332 suas
1639 2291 1683 2331 in
1720 2291 1929 2342 sanguine

1096 2348 1222 2398 Agni.
1257 2347 1406 2390 Modo.
1442 2346 1595 2388 Gloria
1612 2347 1745 2388 Patri.
1779 2345 1928 2388 Modo.

1321 2423 1370 2461 In
1389 2422 1459 2461 111.
1480 2422 1703 2460 Nocturno.

1099 2484 1249 2525 Lectio
1276 2483 1417 2525 sancti
1436 2482 1663 2533 Evangelii
1686 2482 1928 2524 secandum

1378 2538 1647 2580 Matthaeum.

1178 2599 1330 2639 Lectio
1353 2597 1420 2638 vii.
1618 2598 1721 2649 Cap.
1737 2598 1795 2637 19.
1812 2596 1852 2637 d.
1926 2592 1929 2594 ’

1143 2673 1171 2699 n
1196 2659 1271 2701 illo
1298 2661 1515 2711 tempore:
1541 2658 1664 2699 Dixit
1686 2659 1844 2700 Petrus
1870 2659 1927 2700 ad

1168 2715 1193 2755 J
1196 2727 1338 2756 esum:
1383 2715 1499 2755 Ecce
1544 2727 1625 2755 nos
1670 2714 1926 2766 reliquimus
