2080 2990
545 214 611 247 Die
636 217 665 246 2.
695 215 901 246 Februarii.
951 214 989 246 In
1018 213 1285 245 I‘uriticatiom·
1315 214 1350 245 11.
1381 214 1422 245 M.
1451 214 1488 245 Υ.

156 638 223 678 nis
244 637 300 679 de
319 638 419 679 filiis
438 639 535 689 tuis,
554 640 697 692 pretio
717 639 917 681 redimes.

212 704 261 755 R.
278 702 461 744 Adorna
478 702 719 745 thalamum
734 708 858 745 tuum
873 703 988 752 Sion,

159 762 203 799 et
247 758 421 811 suscipe
467 759 636 810 Regem
680 759 920 800 Christum:
966 765 987 787 *

158 814 298 863 Quem
317 814 441 864 virgo
467 815 686 867 concepit,
709 815 833 866 virgo
855 817 987 867 pepe-

156 869 230 918 rit,
258 869 383 920 virgo
410 875 513 922 post
539 875 731 922 partum,
761 883 891 922 quem
918 872 988 921 ge-

155 924 268 975 nuit,
304 924 515 967 adoravit.
565 926 613 975 Y.
655 926 890 978 Accipiens
928 927 988 967 Si-

156 993 286 1021 meon
308 984 495 1033 puerum
516 981 561 1021 in
583 982 800 1032 manibus,
825 982 989 1032 gratias

157 1048 292 1087 agens
314 1036 539 1079 benedixit
559 1038 806 1078 Dominum.
838 1039 988 1088 Quem.

367 1114 435 1155 De
454 1113 568 1155 libro
586 1114 781 1155 Levitici.

262 1178 413 1219 Lectio
435 1179 472 1218 ii.
710 1180 811 1229 Cap.
831 1180 883 1218 12.

219 1249 376 1287 ocutus
398 1252 464 1288 est
482 1248 697 1288 Dominus
719 1247 775 1289 ad
794 1249 988 1300 Moysen,

252 1301 418 1344 dicens:
435 1303 638 1355 Loquere
658 1303 758 1344 filiis
777 1304 925 1354 Israel,
945 1310 988 1346 et

158 1357 279 1399 dices
307 1357 364 1399 ad
392 1371 486 1400 eos:
515 1359 687 1408 Mulier,
715 1360 752 1400 si
779 1361 987 1412 suscepto

157 1414 320 1455 semine
356 1415 579 1467 pepererit
613 1415 875 1465 masculum,
912 1416 988 1456 im-

155 1469 319 1511 munda
356 1470 438 1511 erit
473 1476 644 1523 septem
680 1470 835 1512 diebus
869 1472 989 1523 juxta

158 1524 252 1566 dies
267 1526 555 1577 separationis
569 1528 817 1568 menstruae.
844 1527 902 1568 Et
917 1526 988 1568 die

158 1582 317 1622 octavo
361 1581 696 1623 circumcidetur
735 1582 988 1623 infantulus:

156 1636 254 1689 ipsa
293 1649 398 1679 vero
438 1637 615 1688 triginta
655 1638 795 1679 tribus
834 1637 988 1679 diebus

156 1692 350 1734 manebit
373 1693 417 1733 in
440 1693 648 1743 sanguine
671 1694 988 1746 purificationis

157 1759 261 1789 suae.
316 1748 455 1790 Omne
488 1754 687 1790 sanctum
713 1762 802 1790 non
827 1754 987 1801 tanget,

156 1816 239 1845 nec
282 1803 552 1854 ingredietur
595 1805 639 1845 in
675 1806 989 1855 Sanctuarium,

159 1857 302 1900 donec
323 1859 585 1912 impleantur
607 1859 701 1902 dies
723 1861 989 1913 purificatio-

157 1915 225 1955 nis
253 1927 356 1956 suae.
408 1915 483 1956 Sin
511 1921 658 1957 autem
684 1916 890 1957 feminam
915 1929 988 1968 pe-

158 1971 333 2023 pererit,
354 1970 578 2012 immunda
597 1972 678 2012 erit
697 1971 868 2013 duabus
887 1971 990 2013 heb-

161 2025 425 2068 domadibus
439 2027 559 2079 juxta
573 2027 703 2068 ritum
718 2027 861 2068 fluxus
873 2029 989 2068 men-

161 2082 284 2132 strui,
308 2087 352 2124 et
375 2085 603 2133 sexaginta
627 2096 705 2123 sex
729 2082 883 2124 diebus
903 2096 990 2123 ma-

159 2137 281 2179 n3bit
290 2138 334 2178 in
345 2139 553 2189 sanguine
563 2139 878 2191 purificationis
889 2151 992 2180 suae.
1050 2145 1055 2154 ¹·
1083 2137 1115 2147 ”
1125 2152 1133 2158 «·

216 2202 265 2254 Rv-
295 2203 539 2254 Postquam
570 2202 738 2255 impleti
770 2207 870 2243 sunt
899 2201 992 2244 dies
1049 2200 1054 2224 t
1138 2219 1139 2227 ,

161 2258 434 2310 purgationis
462 2259 633 2308 Mariae,
666 2257 907 2299 secundum
934 2258 991 2298 le-

162 2325 263 2363 gem
284 2314 442 2365 Moysi,
468 2314 662 2355 tulerunt
684 2314 708 2354 J
711 2327 833 2354 esum
859 2314 902 2353 in
925 2314 951 2354 J
953 2326 992 2354 6-

163 2369 363 2419 regalem,
382 2375 430 2411 ut
449 2372 655 2411 sisterent
675 2383 774 2411 eum
788 2369 994 2410 Domino:

166 2424 187 2447 *
216 2425 336 2466 Sicut
368 2426 579 2478 scriptum
611 2431 677 2467 est
707 2426 751 2466 in
782 2425 879 2476 lege
907 2425 993 2465 Do-

164 2480 284 2520 mini:
312 2481 423 2531 Quia
451 2494 579 2522 omne
606 2481 893 2522 masculinum
921 2479 994 2521 ad-

166 2535 367 2587 aperiens
386 2536 572 2586 vulvam,
591 2542 790 2578 sanctum
803 2536 994 2577 Domino

166 2590 408 2632 vocabitur.
451 2582 499 2632 W·
539 2592 802 2634 Obtulerunt
829 2603 911 2643 pro
941 2603 995 2631 eo

166 2646 358 2687 Domino
391 2659 471 2699 par
504 2650 742 2697 turturum,
778 2653 853 2688 aut
885 2646 996 2687 duos

168 2701 314 2754 pullos
334 2702 645 2744 columbarum.
670 2703 803 2745 Sicut.

160 303 281 355 quod
322 303 589 355 primitivum
630 310 697 346 est
736 306 780 346 in
818 305 987 358 pecori-

158 359 240 401 bus
255 359 355 401 tuis:
372 359 586 411 quidquid
600 360 806 402 habueris
820 374 988 402 mascu-

156 415 233 455 lini
276 427 425 465 sexus,
468 417 749 458 consecrabis
785 417 988 458 Domino.

157 470 500 521 Primogenitum
529 473 638 513 asini
669 472 858 514 mutabis
891 485 988 513 ove:

159 525 280 577 quod
299 527 335 567 si
357 540 445 568 non
464 526 718 578 redemeris,
741 528 988 570 interficies.

158 581 297 623 Omne
322 588 468 624 autem
491 583 835 636 primogenitumv
851 583 986 624 homi-

1345 306 1492 345 Lcctio
1515 307 1565 344 iii.

1116 378 1276 417 umque
1296 366 1459 418 expleti
1474 367 1631 408 fuerint
1646 367 1740 408 dies
1754 368 1869 420 puri-

1134 421 1349 462 ficationis
1378 435 1488 472 suae,
1519 436 1602 475 pro
1631 422 1742 472 filio,
1775 423 1869 463 sive

1038 489 1120 528 pro
1139 477 1238 527 filia,
1260 476 1426 518 deferet
1445 491 1603 529 agnum
1623 478 1869 519 anniculum

1037 533 1081 572 in
1104 532 1425 583 holocaustum,
1449 539 1493 575 et
1512 534 1679 586 pullum
1703 534 1865 575 collim-

1804 211 1871 247 467

1915 423 1921 585 ξ

1037 588 1108 630 bae
1132 589 1224 630 sive
1247 593 1462 631 turturem
1481 603 1564 641 pro
1587 592 1788 642 peccato,
1813 589 1869 631 ad
1915 588 1920 593 “

1039 645 1199 686 ostium
1232 645 1503 687 tabernaculi
1534 646 1789 696 testimonii,
1826 651 1869 687 et

1038 700 1184 742 tradet
1220 701 1459 751 sacerdoti,
1498 702 1572 753 qui
1609 702 1764 743 offeret
1796 702 1870 743 illa

1039 769 1189 797 coram
1215 757 1424 807 Domino,
1454 762 1497 798 et
1525 757 1669 799 orabit
1696 770 1779 810 pro
1809 770 1869 808 ea,

1039 817 1083 853 et
1104 813 1167 853 sic
1187 812 1468 854 mundabitur
1488 826 1513 854 a
1531 813 1751 865 profluvio
1774 815 1869 853 san-

1038 868 1178 918 guinis
1211 868 1287 909 sui.
1342 869 1433 910 Ista
1466 874 1532 910 est
1562 869 1634 910 lex
1660 868 1869 921 parientis

1037 924 1281 965 masculum
1308 929 1382 965 aut
1409 925 1623 965 feminam.
1674 922 1805 974 Quod
1833 924 1868 964 si

1038 992 1126 1020 non
1150 980 1363 1021 invenerit
1386 993 1539 1021 manus
1564 981 1670 1031 ejus,
1694 992 1774 1020 nec
1792 992 1869 1031 po-

1038 1035 1171 1076 tuerit
1200 1035 1358 1077 offerre
1385 1049 1560 1087 agnum,
1589 1041 1731 1077 sumet
1758 1034 1870 1076 duos

1038 1094 1231 1132 turtures
1255 1091 1326 1132 vel
1346 1091 1459 1133 duos
1477 1091 1624 1144 pullos
1649 1090 1870 1132 columba-

1039 1159 1149 1196 rum,
1174 1160 1308 1188 unum
1330 1148 1374 1188 in
1398 1147 1720 1197 holocaustum,
1746 1151 1789 1187 et
1813 1146 1870 1186 al-

1038 1207 1181 1243 terum
1200 1216 1283 1255 pro
1305 1206 1508 1256 peccato:
1537 1203 1768 1254 orabitque
1787 1215 1869 1254 pro

1040 1270 1092 1298 ea
1111 1259 1330 1309 sacerdos,
1351 1265 1394 1300 et
1412 1260 1475 1300 sic
1494 1258 1785 1299 mundabitur.

1100 1321 1147 1371 R:-
1183 1323 1447 1365 Obtulerunt
1476 1337 1559 1376 pro
1593 1336 1646 1364 eo
1678 1322 1868 1363 Domino

1038 1391 1119 1430 par
1142 1382 1376 1429 turturum,
1400 1385 1474 1421 aut
1494 1379 1605 1421 duos
1629 1378 1775 1431 pullos
1799 1391 1869 1419 co-

1039 1433 1298 1484 lumbarum,
1327 1436 1346 1456 *
1365 1435 1486 1492 Sicut
1509 1435 1721 1487 scriptum
1742 1438 1808 1474 est
1826 1433 1869 1473 in

1039 1489 1136 1540 lege
1157 1490 1345 1530 Domini.
1383 1487 1430 1532 ,Υ-
1458 1491 1700 1541 Postquam
1724 1494 1870 1530 autem

1039 1545 1206 1597 impleti
1234 1551 1334 1587 sunt
1362 1545 1455 1587 dies
1482 1545 1755 1598 purgationis
1781 1544 1869 1584 Ma-

1040 1604 1132 1651 riae,
1157 1600 1398 1642 secundum
1419 1602 1563 1653 legem
1581 1600 1739 1652 Moysi,
1763 1599 1870 1640 tule-

1040 1662 1140 1698 runt
1166 1657 1288 1700 illum
1315 1657 1359 1697 in
1386 1656 1645 1706 Jerusalem,
1673 1661 1721 1696 ut
1748 1657 1869 1696 siste-

1040 1718 1137 1754 rent
1169 1725 1268 1754 eum
1295 1713 1498 1753 Domino.
1542 1713 1672 1753 Sicut.
1719 1710 1870 1751 Gloria

1040 1768 1170 1809 Patri.
1205 1768 1335 1810 Sicut.

1274 1846 1322 1883 In
1344 1845 1393 1882 II.
1416 1844 1637 1882 Nocturno.

1046 1913 1197 1956 Sermo
1226 1914 1366 1955 sancti
1390 1912 1624 1963 Augustini
1650 1910 1872 1964 Episcopi.

1065 1974 1180 2006 Serm.
1206 1972 1252 2004 13.
1280 1971 1325 2004 de
1349 1970 1549 2013 Tempore.
1576 1974 1663 2011 post
1690 1969 1846 2002 initium.

1051 2078 1054 2080 ,
1346 2030 1497 2070 Lectio
1518 2030 1569 2068 iv.

1050 2090 1184 2139 fflic
1209 2089 1313 2130 olim
1336 2088 1599 2141 praedictum
1623 2092 1706 2128 est:
1733 2087 1873 2128 Mater

1161 2145 1266 2186 Sion
1285 2144 1404 2186 dicit:
1423 2145 1583 2193 Homo,
1603 2148 1646 2184 et
1661 2142 1795 2183 homo
1815 2143 1872 2183 fa-

1162 2206 1258 2242 ctus
1277 2206 1345 2242 est
1363 2201 1406 2241 in
1423 2213 1488 2242 ea:
1508 2205 1551 2241 et
1564 2200 1660 2252 ipse
1676 2198 1874 2239 fundavit

1045 2269 1141 2297 eam
1169 2256 1432 2298 Altissimus.
1487 2256 1524 2297 O
1559 2254 1874 2307 omnipotentia

1044 2311 1277 2353 nascentis!
1297 2325 1324 2353 o
1343 2311 1665 2363 magnificentia
1684 2310 1739 2351 de
1759 2308 1873 2350 coelo

1046 2367 1103 2408 ad
1120 2372 1284 2409 terram
1303 2366 1624 2409 descendentis!
1654 2365 1813 2406 Adhuc
1832 2365 1874 2404 in

1045 2426 1172 2464 utero
1195 2423 1470 2476 portabatur,
1494 2428 1538 2464 et
1563 2435 1617 2463 ex
1639 2425 1765 2462 utero
1787 2432 1873 2460 ma-

1046 2479 1125 2520 tris
1144 2492 1170 2520 a
1188 2479 1213 2519 J
1215 2481 1356 2520 oanne
1373 2479 1575 2531 Baptista
1595 2475 1875 2518 salutabatur.

1047 2535 1100 2574 In
1122 2534 1289 2587 templo
1314 2533 1677 2587 praesentabatur,
1704 2536 1747 2573 et
1769 2543 1795 2571 a
1814 2530 1874 2570 Si-

1046 2592 1203 2631 meone
1229 2602 1331 2631 sene
1358 2590 1540 2638 famoso,
1566 2590 1749 2636 annoso,
1775 2597 1873 2638 pro-

1047 2644 1165 2694 bato,
1180 2647 1391 2686 coronato
1406 2642 1736 2695 agnoscebatur.
1751 2641 1875 2702 Tunc

1050 2700 1266 2750 cognovit,
1284 2706 1388 2742 tunc
1405 2699 1616 2747 adoravit,
1634 2702 1738 2739 tunc
1753 2694 1876 2736 dimt:
