<?xml version="1.0" encoding="UTF-8"?>
<!DOCTYPE html PUBLIC "-//W3C//DTD XHTML 1.0 Transitional//EN"
    "http://www.w3.org/TR/xhtml1/DTD/xhtml1-transitional.dtd">
<html xmlns="http://www.w3.org/1999/xhtml" xml:lang="en" lang="en">
 <head>
  <title>
</title>
<meta http-equiv="Content-Type" content="text/html;charset=utf-8" />
  <meta name='ocr-system' content='tesseract 3.04.00' />
  <meta name='ocr-capabilities' content='ocr_page ocr_carea ocr_par ocr_line ocrx_word'/>
</head>
<body>
  <div class='ocr_page' id='page_1' title='image "./p1breviariumroma00cathuoft_0130.png"; bbox 0 0 2040 2990; ppageno 0'>
   <div class='ocr_carea' id='block_1_1' title="bbox 734 182 1339 227">
    <p class='ocr_par' dir='ltr' id='par_1_1' title="bbox 734 182 1339 227">
     <span class='ocr_line' id='line_1_1' title="bbox 734 182 1339 227; baseline -0.005 -9"><span class='ocrx_word' id='word_1_1' title='bbox 734 185 844 219; x_wconf 67' lang='lat' dir='ltr'>Furia</span> <span class='ocrx_word' id='word_1_2' title='bbox 871 184 1002 227; x_wconf 76' lang='lat' dir='ltr'>quintu</span> <span class='ocrx_word' id='word_1_3' title='bbox 1029 184 1077 217; x_wconf 75' lang='lat' dir='ltr'>ud</span> <span class='ocrx_word' id='word_1_4' title='bbox 1102 182 1339 217; x_wconf 73' lang='lat' dir='ltr'>Matutinum.</span> 
     </span>
    </p>
   </div>
   <div class='ocr_carea' id='block_1_2' title="bbox 190 275 1027 2765">
    <p class='ocr_par' dir='ltr' id='par_1_2' title="bbox 193 275 1015 441">
     <span class='ocr_line' id='line_1_2' title="bbox 244 275 1015 319; baseline -0.001 -1"><span class='ocrx_word' id='word_1_5' title='bbox 244 276 441 319; x_wconf 91' lang='lat' dir='ltr'>Tenuisti</span> <span class='ocrx_word' id='word_1_6' title='bbox 472 287 649 316; x_wconf 89' lang='lat' dir='ltr'>manum</span> <span class='ocrx_word' id='word_1_7' title='bbox 677 275 902 317; x_wconf 83' lang='lat' dir='ltr'>dexteram</span> <span class='ocrx_word' id='word_1_8' title='bbox 929 289 1015 317; x_wconf 90' lang='lat' dir='ltr'>me-</span> 
     </span>
     <span class='ocr_line' id='line_1_3' title="bbox 193 331 1015 375; baseline -0.001 0"><span class='ocrx_word' id='word_1_9' title='bbox 193 348 280 375; x_wconf 91' lang='lat' dir='ltr'>am:</span> <span class='ocrx_word' id='word_1_10' title='bbox 305 339 348 375; x_wconf 91' lang='lat' dir='ltr'>et</span> <span class='ocrx_word' id='word_1_11' title='bbox 369 333 413 373; x_wconf 92' lang='lat' dir='ltr'>in</span> <span class='ocrx_word' id='word_1_12' title='bbox 439 331 666 373; x_wconf 84' lang='lat' dir='ltr'>voluntate</span> <span class='ocrx_word' id='word_1_13' title='bbox 691 337 765 373; x_wconf 84' lang='lat' dir='ltr'>tua</span> <span class='ocrx_word' id='word_1_14' title='bbox 795 331 1015 374; x_wconf 82' lang='lat' dir='ltr'>deduxisti</span> 
     </span>
     <span class='ocr_line' id='line_1_4' title="bbox 193 388 1015 441; baseline -0.004 -9"><span class='ocrx_word' id='word_1_15' title='bbox 193 404 272 440; x_wconf 87' lang='lat' dir='ltr'>me,</span> <span class='ocrx_word' id='word_1_16' title='bbox 298 392 320 417; x_wconf 81' lang='grc'>*</span> <span class='ocrx_word' id='word_1_17' title='bbox 345 394 388 431; x_wconf 90' lang='lat' dir='ltr'>et</span> <span class='ocrx_word' id='word_1_18' title='bbox 407 402 507 431; x_wconf 89' lang='lat' dir='ltr'>cum</span> <span class='ocrx_word' id='word_1_19' title='bbox 525 388 665 441; x_wconf 81' lang='lat' dir='ltr'>gleria</span> <span class='ocrx_word' id='word_1_20' title='bbox 685 389 916 441; x_wconf 84' lang='lat' dir='ltr'>suscepisti</span> <span class='ocrx_word' id='word_1_21' title='bbox 935 402 1015 431; x_wconf 91' lang='lat' dir='ltr'>me.</span> 
     </span>
    </p>

    <p class='ocr_par' dir='ltr' id='par_1_3' title="bbox 193 444 1015 555">
     <span class='ocr_line' id='line_1_5' title="bbox 244 444 1015 497; baseline -0.001 -10"><span class='ocrx_word' id='word_1_22' title='bbox 244 446 359 497; x_wconf 92' lang='lat' dir='ltr'>Quid</span> <span class='ocrx_word' id='word_1_23' title='bbox 388 446 503 488; x_wconf 89' lang='lat' dir='ltr'>enim</span> <span class='ocrx_word' id='word_1_24' title='bbox 530 444 635 486; x_wconf 93' lang='lat' dir='ltr'>mihi</span> <span class='ocrx_word' id='word_1_25' title='bbox 661 450 727 487; x_wconf 91' lang='lat' dir='ltr'>est</span> <span class='ocrx_word' id='word_1_26' title='bbox 754 445 798 485; x_wconf 93' lang='lat' dir='ltr'>in</span> <span class='ocrx_word' id='word_1_27' title='bbox 825 445 964 486; x_wconf 86' lang='lat' dir='ltr'>coelo?</span> <span class='ocrx_word' id='word_1_28' title='bbox 992 446 1015 471; x_wconf 87' lang='lat'>*</span> 
     </span>
     <span class='ocr_line' id='line_1_6' title="bbox 193 501 1015 555; baseline -0.002 -10"><span class='ocrx_word' id='word_1_29' title='bbox 193 508 235 545; x_wconf 88' lang='lat' dir='ltr'>et</span> <span class='ocrx_word' id='word_1_30' title='bbox 262 516 287 544; x_wconf 92' lang='lat' dir='ltr'>a</span> <span class='ocrx_word' id='word_1_31' title='bbox 313 508 358 544; x_wconf 90' lang='lat' dir='ltr'>te</span> <span class='ocrx_word' id='word_1_32' title='bbox 388 501 495 555; x_wconf 85' lang='lat' dir='ltr'>quid</span> <span class='ocrx_word' id='word_1_33' title='bbox 522 501 642 543; x_wconf 81' lang='lat' dir='ltr'>velui</span> <span class='ocrx_word' id='word_1_34' title='bbox 670 514 802 554; x_wconf 89' lang='lat' dir='ltr'>super</span> <span class='ocrx_word' id='word_1_35' title='bbox 829 502 1015 543; x_wconf 87' lang='lat' dir='ltr'>terram?</span> 
     </span>
    </p>

    <p class='ocr_par' dir='ltr' id='par_1_4' title="bbox 190 559 1015 714">
     <span class='ocr_line' id='line_1_7' title="bbox 242 559 1015 608; baseline -0.003 -7"><span class='ocrx_word' id='word_1_36' title='bbox 242 559 415 601; x_wconf 90' lang='lat' dir='ltr'>Defecit</span> <span class='ocrx_word' id='word_1_37' title='bbox 431 571 534 600; x_wconf 87' lang='lat' dir='ltr'>earo</span> <span class='ocrx_word' id='word_1_38' title='bbox 549 571 657 608; x_wconf 86' lang='lat' dir='ltr'>mea,</span> <span class='ocrx_word' id='word_1_39' title='bbox 673 563 715 599; x_wconf 90' lang='lat' dir='ltr'>et</span> <span class='ocrx_word' id='word_1_40' title='bbox 730 570 806 599; x_wconf 92' lang='lat' dir='ltr'>cor</span> <span class='ocrx_word' id='word_1_41' title='bbox 820 571 980 600; x_wconf 86' lang='lat' dir='ltr'>meum:</span> <span class='ocrx_word' id='word_1_42' title='bbox 992 560 1015 584; x_wconf 85' lang='lat'>*</span> 
     </span>
     <span class='ocr_line' id='line_1_8' title="bbox 191 615 1015 667; baseline 0 -10"><span class='ocrx_word' id='word_1_43' title='bbox 191 616 311 658; x_wconf 86' lang='lat' dir='ltr'>Deus</span> <span class='ocrx_word' id='word_1_44' title='bbox 327 615 473 657; x_wconf 92' lang='lat' dir='ltr'>cordis</span> <span class='ocrx_word' id='word_1_45' title='bbox 491 615 587 665; x_wconf 88' lang='lat' dir='ltr'>mei,</span> <span class='ocrx_word' id='word_1_46' title='bbox 606 620 648 657; x_wconf 89' lang='lat' dir='ltr'>et</span> <span class='ocrx_word' id='word_1_47' title='bbox 662 628 766 667; x_wconf 87' lang='lat' dir='ltr'>pars</span> <span class='ocrx_word' id='word_1_48' title='bbox 782 628 880 657; x_wconf 92' lang='lat' dir='ltr'>mea</span> <span class='ocrx_word' id='word_1_49' title='bbox 895 616 1015 657; x_wconf 91' lang='lat' dir='ltr'>Deus</span> 
     </span>
     <span class='ocr_line' id='line_1_9' title="bbox 190 673 484 714; baseline -0.003 -1"><span class='ocrx_word' id='word_1_50' title='bbox 190 673 234 713; x_wconf 91' lang='lat' dir='ltr'>in</span> <span class='ocrx_word' id='word_1_51' title='bbox 262 674 484 714; x_wconf 87' lang='lat' dir='ltr'>aeternum.</span> 
     </span>
    </p>

    <p class='ocr_par' dir='ltr' id='par_1_5' title="bbox 191 727 1015 883">
     <span class='ocr_line' id='line_1_10' title="bbox 243 727 1015 781; baseline 0.001 -11"><span class='ocrx_word' id='word_1_52' title='bbox 243 729 355 780; x_wconf 87' lang='lat' dir='ltr'>Quia</span> <span class='ocrx_word' id='word_1_53' title='bbox 380 741 493 779; x_wconf 87' lang='lat' dir='ltr'>ecce,</span> <span class='ocrx_word' id='word_1_54' title='bbox 518 728 592 781; x_wconf 93' lang='lat' dir='ltr'>qui</span> <span class='ocrx_word' id='word_1_55' title='bbox 621 727 825 780; x_wconf 82' lang='lat' dir='ltr'>elongant</span> <span class='ocrx_word' id='word_1_56' title='bbox 849 741 896 770; x_wconf 91' lang='lat' dir='ltr'>se</span> <span class='ocrx_word' id='word_1_57' title='bbox 915 741 941 770; x_wconf 85' lang='lat' dir='ltr'>a</span> <span class='ocrx_word' id='word_1_58' title='bbox 960 733 1015 778; x_wconf 86' lang='lat' dir='ltr'>te,</span> 
     </span>
     <span class='ocr_line' id='line_1_11' title="bbox 191 784 1015 838; baseline -0.001 -11"><span class='ocrx_word' id='word_1_59' title='bbox 191 785 411 838; x_wconf 88' lang='lat' dir='ltr'>peribunt:</span> <span class='ocrx_word' id='word_1_60' title='bbox 438 786 461 810; x_wconf 86' lang='lat'>*</span> <span class='ocrx_word' id='word_1_61' title='bbox 489 784 720 838; x_wconf 81' lang='lat' dir='ltr'>perdidisti</span> <span class='ocrx_word' id='word_1_62' title='bbox 750 798 912 835; x_wconf 89' lang='lat' dir='ltr'>omnes,</span> <span class='ocrx_word' id='word_1_63' title='bbox 943 786 1015 838; x_wconf 94' lang='lat' dir='ltr'>qui</span> 
     </span>
     <span class='ocr_line' id='line_1_12' title="bbox 191 841 646 883; baseline 0 0"><span class='ocrx_word' id='word_1_64' title='bbox 191 842 459 883; x_wconf 87' lang='lat' dir='ltr'>fornicantur</span> <span class='ocrx_word' id='word_1_65' title='bbox 486 841 565 883; x_wconf 90' lang='lat' dir='ltr'>abs</span> <span class='ocrx_word' id='word_1_66' title='bbox 592 847 646 883; x_wconf 90' lang='lat' dir='ltr'>te.</span> 
     </span>
    </p>

    <p class='ocr_par' dir='ltr' id='par_1_6' title="bbox 192 898 1016 1065">
     <span class='ocr_line' id='line_1_13' title="bbox 244 898 1016 941; baseline 0.001 -2"><span class='ocrx_word' id='word_1_67' title='bbox 244 898 351 939; x_wconf 91' lang='lat' dir='ltr'>Mihi</span> <span class='ocrx_word' id='word_1_68' title='bbox 385 903 531 940; x_wconf 90' lang='lat' dir='ltr'>autem</span> <span class='ocrx_word' id='word_1_69' title='bbox 562 898 788 940; x_wconf 81' lang='lat' dir='ltr'>adhaerere</span> <span class='ocrx_word' id='word_1_70' title='bbox 815 899 911 941; x_wconf 91' lang='lat' dir='ltr'>Deo</span> <span class='ocrx_word' id='word_1_71' title='bbox 940 899 1016 940; x_wconf 94' lang='lat' dir='ltr'>bo-</span> 
     </span>
     <span class='ocr_line' id='line_1_14' title="bbox 193 955 1015 1008; baseline 0.001 -11"><span class='ocrx_word' id='word_1_72' title='bbox 193 969 297 997; x_wconf 93' lang='lat' dir='ltr'>num</span> <span class='ocrx_word' id='word_1_73' title='bbox 318 960 397 997; x_wconf 88' lang='lat' dir='ltr'>est:</span> <span class='ocrx_word' id='word_1_74' title='bbox 418 956 441 981; x_wconf 88' lang='lat'>*</span> <span class='ocrx_word' id='word_1_75' title='bbox 462 957 628 1008; x_wconf 80' lang='lat' dir='ltr'>penere</span> <span class='ocrx_word' id='word_1_76' title='bbox 647 955 691 995; x_wconf 89' lang='lat' dir='ltr'>in</span> <span class='ocrx_word' id='word_1_77' title='bbox 711 956 901 997; x_wconf 79' lang='lat' dir='ltr'>Demino</span> <span class='ocrx_word' id='word_1_78' title='bbox 918 956 1015 998; x_wconf 90' lang='lat' dir='ltr'>Deo</span> 
     </span>
     <span class='ocr_line' id='line_1_15' title="bbox 192 1024 502 1065; baseline -0.003 -12"><span class='ocrx_word' id='word_1_79' title='bbox 192 1025 317 1065; x_wconf 91' lang='lat' dir='ltr'>spem</span> <span class='ocrx_word' id='word_1_80' title='bbox 343 1024 502 1053; x_wconf 88' lang='lat' dir='ltr'>meam:</span> 
     </span>
    </p>

    <p class='ocr_par' dir='ltr' id='par_1_7' title="bbox 193 1068 1017 1226">
     <span class='ocr_line' id='line_1_16' title="bbox 244 1068 1016 1122; baseline 0 -12"><span class='ocrx_word' id='word_1_81' title='bbox 244 1069 303 1110; x_wconf 89' lang='lat' dir='ltr'>Ut</span> <span class='ocrx_word' id='word_1_82' title='bbox 340 1068 590 1109; x_wconf 81' lang='lat' dir='ltr'>annuntiem</span> <span class='ocrx_word' id='word_1_83' title='bbox 624 1080 775 1110; x_wconf 88' lang='lat' dir='ltr'>omnes</span> <span class='ocrx_word' id='word_1_84' title='bbox 806 1068 1016 1122; x_wconf 82' lang='lat' dir='ltr'>praedica-</span> 
     </span>
     <span class='ocr_line' id='line_1_17' title="bbox 193 1124 1017 1176; baseline 0.001 -10"><span class='ocrx_word' id='word_1_85' title='bbox 193 1125 335 1167; x_wconf 83' lang='lat' dir='ltr'>tienes</span> <span class='ocrx_word' id='word_1_86' title='bbox 359 1130 467 1174; x_wconf 57' lang='lat' dir='ltr'>tuas</span> <span class='ocrx_word' id='word_1_87' title='bbox 487 1126 510 1152; x_wconf 92' lang='lat'>*</span> <span class='ocrx_word' id='word_1_88' title='bbox 531 1124 575 1165; x_wconf 92' lang='lat' dir='ltr'>in</span> <span class='ocrx_word' id='word_1_89' title='bbox 602 1125 743 1176; x_wconf 91' lang='lat' dir='ltr'>portis</span> <span class='ocrx_word' id='word_1_90' title='bbox 772 1126 874 1167; x_wconf 83' lang='lat' dir='ltr'>filiae</span> <span class='ocrx_word' id='word_1_91' title='bbox 902 1126 1017 1167; x_wconf 89' lang='lat' dir='ltr'>Sion.</span> 
     </span>
     <span class='ocr_line' id='line_1_18' title="bbox 462 1186 747 1226; baseline -0.004 0"><span class='ocrx_word' id='word_1_92' title='bbox 462 1186 658 1226; x_wconf 77' lang='lat' dir='ltr'>Psalmus</span> <span class='ocrx_word' id='word_1_93' title='bbox 686 1187 747 1226; x_wconf 77' lang='lat'>73.</span> 
     </span>
    </p>

    <p class='ocr_par' dir='ltr' id='par_1_8' title="bbox 197 1238 1018 1404">
     <span class='ocr_line' id='line_1_19' title="bbox 285 1238 1018 1292; baseline 0.001 -13"><span class='ocrx_word' id='word_1_94' title='bbox 285 1243 303 1280; x_wconf 91' lang='lat' dir='ltr'>t</span> <span class='ocrx_word' id='word_1_95' title='bbox 319 1238 424 1290; x_wconf 87' lang='lat' dir='ltr'>quid</span> <span class='ocrx_word' id='word_1_96' title='bbox 434 1239 554 1281; x_wconf 93' lang='lat' dir='ltr'>Deus</span> <span class='ocrx_word' id='word_1_97' title='bbox 568 1240 766 1292; x_wconf 79' lang='lat' dir='ltr'>repulisti</span> <span class='ocrx_word' id='word_1_98' title='bbox 781 1240 825 1280; x_wconf 92' lang='lat' dir='ltr'>in</span> <span class='ocrx_word' id='word_1_99' title='bbox 839 1240 984 1282; x_wconf 88' lang='lat' dir='ltr'>finem:</span> <span class='ocrx_word' id='word_1_100' title='bbox 995 1242 1018 1267; x_wconf 84' lang='lat'>*</span> 
     </span>
     <span class='ocr_line' id='line_1_20' title="bbox 322 1295 1018 1350; baseline 0.001 -14"><span class='ocrx_word' id='word_1_101' title='bbox 322 1295 458 1336; x_wconf 89' lang='lat' dir='ltr'>iratus</span> <span class='ocrx_word' id='word_1_102' title='bbox 494 1301 561 1337; x_wconf 88' lang='lat' dir='ltr'>est</span> <span class='ocrx_word' id='word_1_103' title='bbox 597 1296 718 1338; x_wconf 91' lang='lat' dir='ltr'>furor</span> <span class='ocrx_word' id='word_1_104' title='bbox 751 1302 852 1338; x_wconf 92' lang='lat' dir='ltr'>tuus</span> <span class='ocrx_word' id='word_1_105' title='bbox 887 1310 1018 1350; x_wconf 91' lang='lat' dir='ltr'>super</span> 
     </span>
     <span class='ocr_line' id='line_1_21' title="bbox 197 1352 643 1404; baseline 0 -10"><span class='ocrx_word' id='word_1_106' title='bbox 197 1365 302 1394; x_wconf 90' lang='lat' dir='ltr'>oves</span> <span class='ocrx_word' id='word_1_107' title='bbox 329 1353 506 1404; x_wconf 86' lang='lat' dir='ltr'>pascuae</span> <span class='ocrx_word' id='word_1_108' title='bbox 533 1352 643 1394; x_wconf 81' lang='lat' dir='ltr'>tuae?</span> 
     </span>
    </p>

    <p class='ocr_par' dir='ltr' id='par_1_9' title="bbox 195 1409 1019 1518">
     <span class='ocr_line' id='line_1_22' title="bbox 246 1409 1019 1462; baseline 0.004 -13"><span class='ocrx_word' id='word_1_109' title='bbox 246 1409 415 1450; x_wconf 87' lang='lat' dir='ltr'>Memor</span> <span class='ocrx_word' id='word_1_110' title='bbox 434 1414 528 1451; x_wconf 90' lang='lat' dir='ltr'>esto</span> <span class='ocrx_word' id='word_1_111' title='bbox 549 1410 901 1461; x_wconf 80' lang='lat' dir='ltr'>congregationis</span> <span class='ocrx_word' id='word_1_112' title='bbox 919 1415 1019 1462; x_wconf 78' lang='lat' dir='ltr'>tuae,</span> 
     </span>
     <span class='ocr_line' id='line_1_23' title="bbox 195 1466 886 1518; baseline 0.004 -13"><span class='ocrx_word' id='word_1_113' title='bbox 195 1466 217 1491; x_wconf 86' lang='lat'>*</span> <span class='ocrx_word' id='word_1_114' title='bbox 246 1478 377 1517; x_wconf 87' lang='lat' dir='ltr'>quam</span> <span class='ocrx_word' id='word_1_115' title='bbox 403 1466 641 1518; x_wconf 82' lang='lat' dir='ltr'>possedisti</span> <span class='ocrx_word' id='word_1_116' title='bbox 669 1466 724 1507; x_wconf 89' lang='lat' dir='ltr'>ab</span> <span class='ocrx_word' id='word_1_117' title='bbox 752 1466 886 1509; x_wconf 91' lang='lat' dir='ltr'>initio.</span> 
     </span>
    </p>

    <p class='ocr_par' dir='ltr' id='par_1_10' title="bbox 196 1521 1020 1677">
     <span class='ocr_line' id='line_1_24' title="bbox 246 1521 1020 1575; baseline 0.005 -13"><span class='ocrx_word' id='word_1_118' title='bbox 246 1521 491 1563; x_wconf 89' lang='lat' dir='ltr'>Redemisti</span> <span class='ocrx_word' id='word_1_119' title='bbox 534 1523 701 1575; x_wconf 89' lang='lat' dir='ltr'>virgam</span> <span class='ocrx_word' id='word_1_120' title='bbox 747 1523 1020 1566; x_wconf 87' lang='lat' dir='ltr'>haereditatis</span> 
     </span>
     <span class='ocr_line' id='line_1_25' title="bbox 196 1579 1020 1633; baseline 0.004 -13"><span class='ocrx_word' id='word_1_121' title='bbox 196 1583 299 1620; x_wconf 83' lang='lat' dir='ltr'>tuae:</span> <span class='ocrx_word' id='word_1_122' title='bbox 326 1579 348 1604; x_wconf 86' lang='lat'>*</span> <span class='ocrx_word' id='word_1_123' title='bbox 374 1591 499 1620; x_wconf 92' lang='lat' dir='ltr'>mons</span> <span class='ocrx_word' id='word_1_124' title='bbox 522 1579 636 1629; x_wconf 89' lang='lat' dir='ltr'>Sion,</span> <span class='ocrx_word' id='word_1_125' title='bbox 664 1580 708 1621; x_wconf 94' lang='lat' dir='ltr'>in</span> <span class='ocrx_word' id='word_1_126' title='bbox 738 1593 825 1633; x_wconf 92' lang='lat' dir='ltr'>quo</span> <span class='ocrx_word' id='word_1_127' title='bbox 853 1580 1020 1623; x_wconf 87' lang='lat' dir='ltr'>habita-</span> 
     </span>
     <span class='ocr_line' id='line_1_26' title="bbox 197 1635 413 1677; baseline 0 -1"><span class='ocrx_word' id='word_1_128' title='bbox 197 1635 252 1677; x_wconf 87' lang='lat' dir='ltr'>sti</span> <span class='ocrx_word' id='word_1_129' title='bbox 280 1635 324 1676; x_wconf 91' lang='lat' dir='ltr'>in</span> <span class='ocrx_word' id='word_1_130' title='bbox 348 1647 413 1677; x_wconf 91' lang='lat' dir='ltr'>eo.</span> 
     </span>
    </p>

    <p class='ocr_par' dir='ltr' id='par_1_11' title="bbox 198 1691 1021 1856">
     <span class='ocr_line' id='line_1_27' title="bbox 248 1691 1020 1747; baseline 0.005 -15"><span class='ocrx_word' id='word_1_131' title='bbox 248 1691 367 1733; x_wconf 87' lang='lat' dir='ltr'>Leva</span> <span class='ocrx_word' id='word_1_132' title='bbox 400 1705 553 1734; x_wconf 90' lang='lat' dir='ltr'>manus</span> <span class='ocrx_word' id='word_1_133' title='bbox 584 1697 682 1734; x_wconf 86' lang='lat' dir='ltr'>tuas</span> <span class='ocrx_word' id='word_1_134' title='bbox 716 1693 759 1734; x_wconf 91' lang='lat' dir='ltr'>in</span> <span class='ocrx_word' id='word_1_135' title='bbox 793 1694 1020 1747; x_wconf 80' lang='lat' dir='ltr'>superbias</span> 
     </span>
     <span class='ocr_line' id='line_1_28' title="bbox 198 1748 1021 1802; baseline 0.005 -13"><span class='ocrx_word' id='word_1_136' title='bbox 198 1750 350 1790; x_wconf 81' lang='lat' dir='ltr'>cerum</span> <span class='ocrx_word' id='word_1_137' title='bbox 386 1748 429 1790; x_wconf 90' lang='lat' dir='ltr'>in</span> <span class='ocrx_word' id='word_1_138' title='bbox 464 1748 612 1791; x_wconf 92' lang='lat' dir='ltr'>finem:</span> <span class='ocrx_word' id='word_1_139' title='bbox 649 1750 671 1775; x_wconf 84' lang='lat'>*</span> <span class='ocrx_word' id='word_1_140' title='bbox 706 1756 869 1802; x_wconf 89' lang='lat' dir='ltr'>quanta</span> <span class='ocrx_word' id='word_1_141' title='bbox 902 1751 1021 1793; x_wconf 89' lang='lat' dir='ltr'>mali-</span> 
     </span>
     <span class='ocr_line' id='line_1_29' title="bbox 198 1806 944 1856; baseline 0.005 -10"><span class='ocrx_word' id='word_1_142' title='bbox 198 1807 356 1856; x_wconf 88' lang='lat' dir='ltr'>gnatus</span> <span class='ocrx_word' id='word_1_143' title='bbox 386 1810 451 1847; x_wconf 88' lang='lat' dir='ltr'>est</span> <span class='ocrx_word' id='word_1_144' title='bbox 477 1806 676 1848; x_wconf 91' lang='lat' dir='ltr'>inimicus</span> <span class='ocrx_word' id='word_1_145' title='bbox 703 1807 747 1847; x_wconf 89' lang='lat' dir='ltr'>in</span> <span class='ocrx_word' id='word_1_146' title='bbox 776 1808 944 1850; x_wconf 86' lang='lat' dir='ltr'>sancto!</span> 
     </span>
    </p>

    <p class='ocr_par' dir='ltr' id='par_1_12' title="bbox 200 1862 1022 1963">
     <span class='ocr_line' id='line_1_30' title="bbox 249 1862 1022 1915; baseline 0.006 -13"><span class='ocrx_word' id='word_1_147' title='bbox 249 1862 306 1903; x_wconf 91' lang='lat' dir='ltr'>Et</span> <span class='ocrx_word' id='word_1_148' title='bbox 325 1862 497 1913; x_wconf 89' lang='lat' dir='ltr'>gloriati</span> <span class='ocrx_word' id='word_1_149' title='bbox 515 1867 615 1904; x_wconf 89' lang='lat' dir='ltr'>sunt</span> <span class='ocrx_word' id='word_1_150' title='bbox 633 1864 707 1915; x_wconf 90' lang='lat' dir='ltr'>qui</span> <span class='ocrx_word' id='word_1_151' title='bbox 727 1864 912 1907; x_wconf 89' lang='lat' dir='ltr'>oderunt</span> <span class='ocrx_word' id='word_1_152' title='bbox 926 1870 984 1907; x_wconf 87' lang='lat' dir='ltr'>te:</span> <span class='ocrx_word' id='word_1_153' title='bbox 999 1868 1022 1893; x_wconf 83' lang='lat'>*</span> 
     </span>
     <span class='ocr_line' id='line_1_31' title="bbox 200 1918 858 1963; baseline 0.006 -4"><span class='ocrx_word' id='word_1_154' title='bbox 200 1919 243 1959; x_wconf 91' lang='lat' dir='ltr'>in</span> <span class='ocrx_word' id='word_1_155' title='bbox 270 1918 416 1960; x_wconf 90' lang='lat' dir='ltr'>medio</span> <span class='ocrx_word' id='word_1_156' title='bbox 445 1919 732 1962; x_wconf 67' lang='lat' dir='ltr'>solemnitatis</span> <span class='ocrx_word' id='word_1_157' title='bbox 759 1926 858 1963; x_wconf 88' lang='lat' dir='ltr'>tuae.</span> 
     </span>
    </p>

    <p class='ocr_par' dir='ltr' id='par_1_13' title="bbox 200 1976 1024 2142">
     <span class='ocr_line' id='line_1_32' title="bbox 250 1976 1024 2031; baseline 0.008 -15"><span class='ocrx_word' id='word_1_158' title='bbox 250 1976 497 2017; x_wconf 90' lang='lat' dir='ltr'>Posuerunt</span> <span class='ocrx_word' id='word_1_159' title='bbox 522 1977 645 2028; x_wconf 91' lang='lat' dir='ltr'>signa</span> <span class='ocrx_word' id='word_1_160' title='bbox 664 1991 753 2028; x_wconf 85' lang='lat' dir='ltr'>sua,</span> <span class='ocrx_word' id='word_1_161' title='bbox 776 1979 913 2031; x_wconf 85' lang='lat' dir='ltr'>signa:</span> <span class='ocrx_word' id='word_1_162' title='bbox 934 1981 958 2006; x_wconf 91' lang='grc'><em>*</em></span> <span class='ocrx_word' id='word_1_163' title='bbox 980 1985 1024 2022; x_wconf 90' lang='lat' dir='ltr'>et</span> 
     </span>
     <span class='ocr_line' id='line_1_33' title="bbox 200 2035 1023 2084; baseline 0.007 -11"><span class='ocrx_word' id='word_1_164' title='bbox 200 2045 289 2073; x_wconf 93' lang='lat' dir='ltr'>non</span> <span class='ocrx_word' id='word_1_165' title='bbox 330 2035 627 2084; x_wconf 90' lang='lat' dir='ltr'>cognoverunt</span> <span class='ocrx_word' id='word_1_166' title='bbox 668 2035 781 2076; x_wconf 92' lang='lat' dir='ltr'>sicut</span> <span class='ocrx_word' id='word_1_167' title='bbox 820 2036 863 2077; x_wconf 93' lang='lat' dir='ltr'>in</span> <span class='ocrx_word' id='word_1_168' title='bbox 905 2037 1023 2079; x_wconf 83' lang='lat' dir='ltr'>exitu</span> 
     </span>
     <span class='ocr_line' id='line_1_34' title="bbox 201 2101 586 2142; baseline 0.003 -12"><span class='ocrx_word' id='word_1_169' title='bbox 201 2101 332 2142; x_wconf 90' lang='lat' dir='ltr'>super</span> <span class='ocrx_word' id='word_1_170' title='bbox 361 2102 586 2131; x_wconf 88' lang='lat' dir='ltr'>summurn.</span> 
     </span>
    </p>

    <p class='ocr_par' dir='ltr' id='par_1_14' title="bbox 202 2146 1024 2357">
     <span class='ocr_line' id='line_1_35' title="bbox 253 2146 1023 2199; baseline 0.008 -13"><span class='ocrx_word' id='word_1_171' title='bbox 253 2146 388 2196; x_wconf 87' lang='lat' dir='ltr'>Quasi</span> <span class='ocrx_word' id='word_1_172' title='bbox 415 2146 460 2187; x_wconf 88' lang='lat' dir='ltr'>in</span> <span class='ocrx_word' id='word_1_173' title='bbox 488 2146 597 2188; x_wconf 88' lang='lat' dir='ltr'>silva</span> <span class='ocrx_word' id='word_1_174' title='bbox 622 2147 841 2199; x_wconf 81' lang='lat' dir='ltr'>lignerum</span> <span class='ocrx_word' id='word_1_175' title='bbox 865 2150 1023 2191; x_wconf 84' lang='lat' dir='ltr'>securi-</span> 
     </span>
     <span class='ocr_line' id='line_1_36' title="bbox 202 2202 1023 2256; baseline 0.006 -13"><span class='ocrx_word' id='word_1_176' title='bbox 202 2202 284 2244; x_wconf 92' lang='lat' dir='ltr'>bus</span> <span class='ocrx_word' id='word_1_177' title='bbox 314 2202 570 2245; x_wconf 83' lang='lat' dir='ltr'>exciderunt</span> <span class='ocrx_word' id='word_1_178' title='bbox 597 2204 744 2255; x_wconf 87' lang='lat' dir='ltr'>januas</span> <span class='ocrx_word' id='word_1_179' title='bbox 771 2206 861 2256; x_wconf 87' lang='lat' dir='ltr'>ejus</span> <span class='ocrx_word' id='word_1_180' title='bbox 892 2206 935 2247; x_wconf 93' lang='lat' dir='ltr'>in</span> <span class='ocrx_word' id='word_1_181' title='bbox 961 2206 1023 2248; x_wconf 92' lang='lat' dir='ltr'>id-</span> 
     </span>
     <span class='ocr_line' id='line_1_37' title="bbox 203 2259 1024 2315; baseline 0.007 -16"><span class='ocrx_word' id='word_1_182' title='bbox 203 2261 360 2311; x_wconf 91' lang='lat' dir='ltr'>ipsum:</span> <span class='ocrx_word' id='word_1_183' title='bbox 392 2259 416 2284; x_wconf 88' lang='lat'>*</span> <span class='ocrx_word' id='word_1_184' title='bbox 450 2259 494 2300; x_wconf 94' lang='lat' dir='ltr'>in</span> <span class='ocrx_word' id='word_1_185' title='bbox 522 2260 665 2302; x_wconf 85' lang='lat' dir='ltr'>securi</span> <span class='ocrx_word' id='word_1_186' title='bbox 697 2266 740 2302; x_wconf 89' lang='lat' dir='ltr'>et</span> <span class='ocrx_word' id='word_1_187' title='bbox 769 2262 886 2303; x_wconf 86' lang='lat' dir='ltr'>ascia</span> <span class='ocrx_word' id='word_1_188' title='bbox 913 2262 1024 2315; x_wconf 87' lang='lat' dir='ltr'>deje-</span> 
     </span>
     <span class='ocr_line' id='line_1_38' title="bbox 203 2316 490 2357; baseline 0.003 -1"><span class='ocrx_word' id='word_1_189' title='bbox 203 2316 356 2356; x_wconf 87' lang='lat' dir='ltr'>cerunt</span> <span class='ocrx_word' id='word_1_190' title='bbox 383 2328 490 2357; x_wconf 85' lang='lat' dir='ltr'>eam.</span> 
     </span>
    </p>

    <p class='ocr_par' dir='ltr' id='par_1_15' title="bbox 202 2371 1025 2527">
     <span class='ocr_line' id='line_1_39' title="bbox 253 2371 1025 2425; baseline 0.005 -13"><span class='ocrx_word' id='word_1_191' title='bbox 253 2371 547 2413; x_wconf 88' lang='lat' dir='ltr'>Incenderunt</span> <span class='ocrx_word' id='word_1_192' title='bbox 590 2373 679 2425; x_wconf 88' lang='lat' dir='ltr'>igni</span> <span class='ocrx_word' id='word_1_193' title='bbox 732 2375 1025 2416; x_wconf 79' lang='lat' dir='ltr'>sanctuarium</span> 
     </span>
     <span class='ocr_line' id='line_1_40' title="bbox 202 2428 1024 2482; baseline 0.004 -12"><span class='ocrx_word' id='word_1_194' title='bbox 202 2433 340 2470; x_wconf 90' lang='lat' dir='ltr'>tuum:</span> <span class='ocrx_word' id='word_1_195' title='bbox 363 2428 386 2454; x_wconf 88' lang='lat'>*</span> <span class='ocrx_word' id='word_1_196' title='bbox 409 2428 452 2469; x_wconf 91' lang='lat' dir='ltr'>in</span> <span class='ocrx_word' id='word_1_197' title='bbox 476 2434 593 2471; x_wconf 86' lang='lat' dir='ltr'>terra</span> <span class='ocrx_word' id='word_1_198' title='bbox 617 2430 869 2482; x_wconf 89' lang='lat' dir='ltr'>polluerunt</span> <span class='ocrx_word' id='word_1_199' title='bbox 885 2430 1024 2473; x_wconf 83' lang='lat' dir='ltr'>taber-</span> 
     </span>
     <span class='ocr_line' id='line_1_41' title="bbox 203 2484 722 2527; baseline 0.004 -2"><span class='ocrx_word' id='word_1_200' title='bbox 203 2484 407 2526; x_wconf 89' lang='lat' dir='ltr'>naculum</span> <span class='ocrx_word' id='word_1_201' title='bbox 434 2485 621 2526; x_wconf 82' lang='lat' dir='ltr'>nominis</span> <span class='ocrx_word' id='word_1_202' title='bbox 647 2486 722 2527; x_wconf 92' lang='lat' dir='ltr'>tui.</span> 
     </span>
    </p>

    <p class='ocr_par' dir='ltr' id='par_1_16' title="bbox 205 2541 1026 2698">
     <span class='ocr_line' id='line_1_42' title="bbox 255 2541 1025 2595; baseline 0.006 -14"><span class='ocrx_word' id='word_1_203' title='bbox 255 2541 470 2582; x_wconf 84' lang='lat' dir='ltr'>Dixerunt</span> <span class='ocrx_word' id='word_1_204' title='bbox 494 2542 536 2582; x_wconf 91' lang='lat' dir='ltr'>in</span> <span class='ocrx_word' id='word_1_205' title='bbox 564 2542 697 2584; x_wconf 91' lang='lat' dir='ltr'>corde</span> <span class='ocrx_word' id='word_1_206' title='bbox 723 2556 802 2584; x_wconf 90' lang='lat' dir='ltr'>suo</span> <span class='ocrx_word' id='word_1_207' title='bbox 823 2546 1025 2595; x_wconf 72' lang='lat' dir='ltr'>cognatio</span> 
     </span>
     <span class='ocr_line' id='line_1_43' title="bbox 205 2597 1026 2648; baseline 0.005 -10"><span class='ocrx_word' id='word_1_208' title='bbox 205 2599 356 2639; x_wconf 81' lang='lat' dir='ltr'>cerum</span> <span class='ocrx_word' id='word_1_209' title='bbox 372 2597 513 2638; x_wconf 89' lang='lat' dir='ltr'>simul:</span> <span class='ocrx_word' id='word_1_210' title='bbox 530 2598 552 2623; x_wconf 81' lang='grc'>*</span> <span class='ocrx_word' id='word_1_211' title='bbox 565 2598 800 2648; x_wconf 89' lang='lat' dir='ltr'>Quiescere</span> <span class='ocrx_word' id='word_1_212' title='bbox 819 2600 1026 2642; x_wconf 90' lang='lat' dir='ltr'>faciamus</span> 
     </span>
     <span class='ocr_line' id='line_1_44' title="bbox 205 2653 958 2698; baseline 0.004 -3"><span class='ocrx_word' id='word_1_213' title='bbox 205 2667 357 2695; x_wconf 87' lang='lat' dir='ltr'>omnes</span> <span class='ocrx_word' id='word_1_214' title='bbox 386 2653 480 2695; x_wconf 86' lang='lat' dir='ltr'>dies</span> <span class='ocrx_word' id='word_1_215' title='bbox 509 2654 645 2696; x_wconf 91' lang='lat' dir='ltr'>festos</span> <span class='ocrx_word' id='word_1_216' title='bbox 672 2655 754 2697; x_wconf 88' lang='lat' dir='ltr'>Dei</span> <span class='ocrx_word' id='word_1_217' title='bbox 781 2670 806 2697; x_wconf 90' lang='lat' dir='ltr'>a</span> <span class='ocrx_word' id='word_1_218' title='bbox 831 2662 958 2698; x_wconf 85' lang='lat' dir='ltr'>terra.</span> 
     </span>
    </p>

    <p class='ocr_par' dir='ltr' id='par_1_17' title="bbox 255 2710 1027 2765">
     <span class='ocr_line' id='line_1_45' title="bbox 255 2710 1027 2765; baseline 0.005 -14"><span class='ocrx_word' id='word_1_219' title='bbox 255 2710 386 2760; x_wconf 84' lang='lat' dir='ltr'>Signa</span> <span class='ocrx_word' id='word_1_220' title='bbox 414 2715 565 2753; x_wconf 88' lang='lat' dir='ltr'>nostra</span> <span class='ocrx_word' id='word_1_221' title='bbox 592 2725 677 2753; x_wconf 91' lang='lat' dir='ltr'>non</span> <span class='ocrx_word' id='word_1_222' title='bbox 710 2712 912 2763; x_wconf 82' lang='lat' dir='ltr'>vidimus,</span> <span class='ocrx_word' id='word_1_223' title='bbox 945 2715 1027 2765; x_wconf 87' lang='lat' dir='ltr'>jam</span> 
     </span>
    </p>
   </div>
   <div class='ocr_carea' id='block_1_3' title="bbox 1066 274 1919 2758">
    <p class='ocr_par' dir='ltr' id='par_1_18' title="bbox 1066 274 1896 384">
     <span class='ocr_line' id='line_1_46' title="bbox 1066 274 1896 327; baseline -0.002 -10"><span class='ocrx_word' id='word_1_224' title='bbox 1066 288 1154 317; x_wconf 93' lang='lat' dir='ltr'>non</span> <span class='ocrx_word' id='word_1_225' title='bbox 1188 280 1255 317; x_wconf 90' lang='lat' dir='ltr'>est</span> <span class='ocrx_word' id='word_1_226' title='bbox 1285 274 1520 327; x_wconf 85' lang='lat' dir='ltr'>propheta:</span> <span class='ocrx_word' id='word_1_227' title='bbox 1553 274 1576 299; x_wconf 87' lang='grc'>*</span> <span class='ocrx_word' id='word_1_228' title='bbox 1613 278 1656 315; x_wconf 91' lang='lat' dir='ltr'>et</span> <span class='ocrx_word' id='word_1_229' title='bbox 1691 286 1774 315; x_wconf 92' lang='lat' dir='ltr'>nos</span> <span class='ocrx_word' id='word_1_230' title='bbox 1809 286 1896 315; x_wconf 91' lang='lat' dir='ltr'>non</span> 
     </span>
     <span class='ocr_line' id='line_1_47' title="bbox 1068 331 1534 384; baseline -0.006 -10"><span class='ocrx_word' id='word_1_231' title='bbox 1068 334 1306 382; x_wconf 83' lang='lat' dir='ltr'>cognoscet</span> <span class='ocrx_word' id='word_1_232' title='bbox 1334 331 1534 384; x_wconf 89' lang='lat' dir='ltr'>amplius.</span> 
     </span>
    </p>

    <p class='ocr_par' dir='ltr' id='par_1_19' title="bbox 1066 386 1898 543">
     <span class='ocr_line' id='line_1_48' title="bbox 1117 386 1898 440; baseline -0.003 -10"><span class='ocrx_word' id='word_1_233' title='bbox 1117 389 1360 440; x_wconf 91' lang='lat' dir='ltr'>Usquequo</span> <span class='ocrx_word' id='word_1_234' title='bbox 1409 388 1532 428; x_wconf 87' lang='lat' dir='ltr'>Deus</span> <span class='ocrx_word' id='word_1_235' title='bbox 1577 386 1898 439; x_wconf 74' lang='lat' dir='ltr'>improperabit</span> 
     </span>
     <span class='ocr_line' id='line_1_49' title="bbox 1068 443 1898 486; baseline -0.002 0"><span class='ocrx_word' id='word_1_236' title='bbox 1068 445 1282 486; x_wconf 91' lang='lat' dir='ltr'>inimicus:</span> <span class='ocrx_word' id='word_1_237' title='bbox 1306 444 1491 485; x_wconf 87' lang='lat' dir='ltr'>*irritat</span> <span class='ocrx_word' id='word_1_238' title='bbox 1518 443 1799 485; x_wconf 84' lang='lat' dir='ltr'>adversarius</span> <span class='ocrx_word' id='word_1_239' title='bbox 1822 456 1898 485; x_wconf 89' lang='lat' dir='ltr'>no-</span> 
     </span>
     <span class='ocr_line' id='line_1_50' title="bbox 1066 500 1566 543; baseline -0.004 0"><span class='ocrx_word' id='word_1_240' title='bbox 1066 515 1167 543; x_wconf 91' lang='lat' dir='ltr'>men</span> <span class='ocrx_word' id='word_1_241' title='bbox 1193 507 1317 543; x_wconf 93' lang='lat' dir='ltr'>tuum</span> <span class='ocrx_word' id='word_1_242' title='bbox 1342 501 1386 542; x_wconf 93' lang='lat' dir='ltr'>in</span> <span class='ocrx_word' id='word_1_243' title='bbox 1414 500 1566 542; x_wconf 86' lang='lat' dir='ltr'>finem?</span> 
     </span>
    </p>

    <p class='ocr_par' dir='ltr' id='par_1_20' title="bbox 1068 557 1898 713">
     <span class='ocr_line' id='line_1_51' title="bbox 1119 557 1898 611; baseline -0.003 -11"><span class='ocrx_word' id='word_1_244' title='bbox 1119 559 1178 600; x_wconf 91' lang='lat' dir='ltr'>Ut</span> <span class='ocrx_word' id='word_1_245' title='bbox 1218 558 1324 611; x_wconf 90' lang='lat' dir='ltr'>quid</span> <span class='ocrx_word' id='word_1_246' title='bbox 1361 557 1524 600; x_wconf 85' lang='lat' dir='ltr'>avertis</span> <span class='ocrx_word' id='word_1_247' title='bbox 1558 569 1735 598; x_wconf 90' lang='lat' dir='ltr'>manum</span> <span class='ocrx_word' id='word_1_248' title='bbox 1767 561 1898 607; x_wconf 90' lang='lat' dir='ltr'>tuam,</span> 
     </span>
     <span class='ocr_line' id='line_1_52' title="bbox 1069 612 1898 664; baseline -0.004 -6"><span class='ocrx_word' id='word_1_249' title='bbox 1069 619 1111 657; x_wconf 91' lang='lat' dir='ltr'>et</span> <span class='ocrx_word' id='word_1_250' title='bbox 1149 615 1376 657; x_wconf 85' lang='lat' dir='ltr'>dexteram</span> <span class='ocrx_word' id='word_1_251' title='bbox 1415 619 1557 664; x_wconf 84' lang='lat' dir='ltr'>tuam,</span> <span class='ocrx_word' id='word_1_252' title='bbox 1597 614 1621 639; x_wconf 88' lang='lat'>*</span> <span class='ocrx_word' id='word_1_253' title='bbox 1659 612 1716 655; x_wconf 91' lang='lat' dir='ltr'>de</span> <span class='ocrx_word' id='word_1_254' title='bbox 1750 612 1898 655; x_wconf 92' lang='lat' dir='ltr'>medio</span> 
     </span>
     <span class='ocr_line' id='line_1_53' title="bbox 1068 670 1527 713; baseline -0.004 0"><span class='ocrx_word' id='word_1_255' title='bbox 1068 672 1164 713; x_wconf 93' lang='lat' dir='ltr'>sinu</span> <span class='ocrx_word' id='word_1_256' title='bbox 1189 677 1265 713; x_wconf 91' lang='lat' dir='ltr'>tuo</span> <span class='ocrx_word' id='word_1_257' title='bbox 1293 672 1338 712; x_wconf 92' lang='lat' dir='ltr'>in</span> <span class='ocrx_word' id='word_1_258' title='bbox 1368 670 1527 712; x_wconf 85' lang='lat' dir='ltr'>finem?</span> 
     </span>
    </p>

    <p class='ocr_par' dir='ltr' id='par_1_21' title="bbox 1068 728 1898 884">
     <span class='ocr_line' id='line_1_54' title="bbox 1118 728 1898 771; baseline 0 -2"><span class='ocrx_word' id='word_1_259' title='bbox 1118 729 1240 771; x_wconf 92' lang='lat' dir='ltr'>Deus</span> <span class='ocrx_word' id='word_1_260' title='bbox 1256 733 1402 770; x_wconf 92' lang='lat' dir='ltr'>autem</span> <span class='ocrx_word' id='word_1_261' title='bbox 1415 728 1513 769; x_wconf 87' lang='lat' dir='ltr'>Rex</span> <span class='ocrx_word' id='word_1_262' title='bbox 1536 733 1687 770; x_wconf 90' lang='lat' dir='ltr'>noster</span> <span class='ocrx_word' id='word_1_263' title='bbox 1703 732 1802 769; x_wconf 87' lang='lat' dir='ltr'>ante</span> <span class='ocrx_word' id='word_1_264' title='bbox 1820 730 1898 769; x_wconf 82' lang='lat' dir='ltr'>sa&#39;e-</span> 
     </span>
     <span class='ocr_line' id='line_1_55' title="bbox 1068 784 1898 838; baseline 0 -12"><span class='ocrx_word' id='word_1_265' title='bbox 1068 785 1180 827; x_wconf 90' lang='lat' dir='ltr'>cula:</span> <span class='ocrx_word' id='word_1_266' title='bbox 1217 786 1240 811; x_wconf 90' lang='lat'>*</span> <span class='ocrx_word' id='word_1_267' title='bbox 1283 787 1492 838; x_wconf 87' lang='lat' dir='ltr'>operatus</span> <span class='ocrx_word' id='word_1_268' title='bbox 1526 789 1594 827; x_wconf 91' lang='lat' dir='ltr'>est</span> <span class='ocrx_word' id='word_1_269' title='bbox 1631 784 1818 827; x_wconf 84' lang='lat' dir='ltr'>salutem</span> <span class='ocrx_word' id='word_1_270' title='bbox 1853 785 1898 826; x_wconf 93' lang='lat' dir='ltr'>in</span> 
     </span>
     <span class='ocr_line' id='line_1_56' title="bbox 1068 842 1386 884; baseline -0.003 0"><span class='ocrx_word' id='word_1_271' title='bbox 1068 842 1215 884; x_wconf 89' lang='lat' dir='ltr'>medio</span> <span class='ocrx_word' id='word_1_272' title='bbox 1243 847 1386 884; x_wconf 83' lang='lat' dir='ltr'>terrae.</span> 
     </span>
    </p>

    <p class='ocr_par' dir='ltr' id='par_1_22' title="bbox 1068 898 1900 1065">
     <span class='ocr_line' id='line_1_57' title="bbox 1120 898 1900 941; baseline 0 -1"><span class='ocrx_word' id='word_1_273' title='bbox 1120 900 1188 940; x_wconf 92' lang='lat' dir='ltr'>Tu</span> <span class='ocrx_word' id='word_1_274' title='bbox 1227 898 1498 941; x_wconf 85' lang='lat' dir='ltr'>confirmasti</span> <span class='ocrx_word' id='word_1_275' title='bbox 1537 898 1583 939; x_wconf 93' lang='lat' dir='ltr'>in</span> <span class='ocrx_word' id='word_1_276' title='bbox 1623 898 1786 941; x_wconf 78' lang='lat' dir='ltr'>virtute</span> <span class='ocrx_word' id='word_1_277' title='bbox 1823 902 1900 941; x_wconf 90' lang='lat' dir='ltr'>tua</span> 
     </span>
     <span class='ocr_line' id='line_1_58' title="bbox 1068 954 1900 1008; baseline 0 -11"><span class='ocrx_word' id='word_1_278' title='bbox 1068 969 1202 998; x_wconf 86' lang='lat' dir='ltr'>mare:</span> <span class='ocrx_word' id='word_1_279' title='bbox 1231 958 1254 983; x_wconf 88' lang='lat'>*</span> <span class='ocrx_word' id='word_1_280' title='bbox 1283 954 1590 998; x_wconf 75' lang='lat' dir='ltr'>contribulasti</span> <span class='ocrx_word' id='word_1_281' title='bbox 1623 954 1772 1008; x_wconf 88' lang='lat' dir='ltr'>capita</span> <span class='ocrx_word' id='word_1_282' title='bbox 1804 954 1900 998; x_wconf 89' lang='lat' dir='ltr'>dra·</span> 
     </span>
     <span class='ocr_line' id='line_1_59' title="bbox 1070 1010 1463 1065; baseline -0.003 -10"><span class='ocrx_word' id='word_1_283' title='bbox 1070 1010 1229 1055; x_wconf 75' lang='lat' dir='ltr'>cenum</span> <span class='ocrx_word' id='word_1_284' title='bbox 1253 1012 1297 1054; x_wconf 92' lang='lat' dir='ltr'>in</span> <span class='ocrx_word' id='word_1_285' title='bbox 1325 1012 1463 1065; x_wconf 88' lang='lat' dir='ltr'>aquis.</span> 
     </span>
    </p>

    <p class='ocr_par' dir='ltr' id='par_1_23' title="bbox 1070 1068 1901 1237">
     <span class='ocr_line' id='line_1_60' title="bbox 1121 1068 1901 1122; baseline -0.001 -11"><span class='ocrx_word' id='word_1_286' title='bbox 1121 1070 1190 1111; x_wconf 90' lang='lat' dir='ltr'>Tu</span> <span class='ocrx_word' id='word_1_287' title='bbox 1206 1069 1460 1121; x_wconf 86' lang='lat' dir='ltr'>confregisti</span> <span class='ocrx_word' id='word_1_288' title='bbox 1475 1069 1624 1122; x_wconf 90' lang='lat' dir='ltr'>capita</span> <span class='ocrx_word' id='word_1_289' title='bbox 1638 1068 1859 1111; x_wconf 79' lang='lat' dir='ltr'>dracenis:</span> <span class='ocrx_word' id='word_1_290' title='bbox 1876 1070 1901 1097; x_wconf 86' lang='lat'>*</span> 
     </span>
     <span class='ocr_line' id='line_1_61' title="bbox 1070 1125 1901 1179; baseline -0.002 -10"><span class='ocrx_word' id='word_1_291' title='bbox 1070 1127 1232 1169; x_wconf 90' lang='lat' dir='ltr'>dedisti</span> <span class='ocrx_word' id='word_1_292' title='bbox 1261 1140 1360 1168; x_wconf 91' lang='lat' dir='ltr'>eum</span> <span class='ocrx_word' id='word_1_293' title='bbox 1389 1139 1535 1168; x_wconf 88' lang='lat' dir='ltr'>escam</span> <span class='ocrx_word' id='word_1_294' title='bbox 1558 1125 1738 1179; x_wconf 79' lang='lat' dir='ltr'>pepulis</span> <span class='ocrx_word' id='word_1_295' title='bbox 1759 1125 1901 1168; x_wconf 87' lang='lat' dir='ltr'>AEthi-</span> 
     </span>
     <span class='ocr_line' id='line_1_62' title="bbox 1071 1197 1216 1237; baseline -0.007 -11"><span class='ocrx_word' id='word_1_296' title='bbox 1071 1197 1216 1237; x_wconf 92' lang='lat' dir='ltr'>opum.</span> 
     </span>
    </p>

    <p class='ocr_par' dir='ltr' id='par_1_24' title="bbox 1070 1240 1901 1340">
     <span class='ocr_line' id='line_1_63' title="bbox 1122 1240 1901 1293; baseline -0.001 -11"><span class='ocrx_word' id='word_1_297' title='bbox 1122 1242 1192 1282; x_wconf 92' lang='lat' dir='ltr'>Tu</span> <span class='ocrx_word' id='word_1_298' title='bbox 1228 1241 1433 1293; x_wconf 88' lang='lat' dir='ltr'>dirupisti</span> <span class='ocrx_word' id='word_1_299' title='bbox 1464 1240 1624 1290; x_wconf 88' lang='lat' dir='ltr'>fontes,</span> <span class='ocrx_word' id='word_1_300' title='bbox 1661 1244 1704 1282; x_wconf 89' lang='lat' dir='ltr'>et</span> <span class='ocrx_word' id='word_1_301' title='bbox 1734 1241 1901 1282; x_wconf 84' lang='lat' dir='ltr'>torren-</span> 
     </span>
     <span class='ocr_line' id='line_1_64' title="bbox 1070 1295 1857 1340; baseline -0.001 -1"><span class='ocrx_word' id='word_1_302' title='bbox 1070 1303 1153 1339; x_wconf 92' lang='lat' dir='ltr'>tes:</span> <span class='ocrx_word' id='word_1_303' title='bbox 1182 1299 1205 1325; x_wconf 86' lang='lat'>*</span> <span class='ocrx_word' id='word_1_304' title='bbox 1232 1303 1280 1340; x_wconf 93' lang='lat' dir='ltr'>tu</span> <span class='ocrx_word' id='word_1_305' title='bbox 1308 1298 1485 1339; x_wconf 81' lang='lat' dir='ltr'>siccasti</span> <span class='ocrx_word' id='word_1_306' title='bbox 1513 1297 1674 1339; x_wconf 80' lang='lat' dir='ltr'>fluvios</span> <span class='ocrx_word' id='word_1_307' title='bbox 1701 1295 1857 1338; x_wconf 88' lang='lat' dir='ltr'>Ethan.</span> 
     </span>
    </p>

    <p class='ocr_par' dir='ltr' id='par_1_25' title="bbox 1071 1354 1903 1454">
     <span class='ocr_line' id='line_1_65' title="bbox 1123 1354 1902 1405; baseline -0.003 -9"><span class='ocrx_word' id='word_1_308' title='bbox 1123 1355 1245 1396; x_wconf 92' lang='lat' dir='ltr'>Tuus</span> <span class='ocrx_word' id='word_1_309' title='bbox 1269 1359 1337 1396; x_wconf 92' lang='lat' dir='ltr'>est</span> <span class='ocrx_word' id='word_1_310' title='bbox 1362 1354 1467 1405; x_wconf 68' lang='lat' dir='ltr'>dies,</span> <span class='ocrx_word' id='word_1_311' title='bbox 1495 1358 1540 1396; x_wconf 92' lang='lat' dir='ltr'>et</span> <span class='ocrx_word' id='word_1_312' title='bbox 1562 1359 1639 1396; x_wconf 90' lang='lat' dir='ltr'>tua</span> <span class='ocrx_word' id='word_1_313' title='bbox 1665 1358 1732 1396; x_wconf 89' lang='lat' dir='ltr'>est</span> <span class='ocrx_word' id='word_1_314' title='bbox 1751 1366 1854 1395; x_wconf 85' lang='lat' dir='ltr'>nox:</span> <span class='ocrx_word' id='word_1_315' title='bbox 1878 1354 1902 1381; x_wconf 87' lang='lat'>*</span> 
     </span>
     <span class='ocr_line' id='line_1_66' title="bbox 1071 1410 1903 1454; baseline -0.002 -1"><span class='ocrx_word' id='word_1_316' title='bbox 1071 1417 1118 1453; x_wconf 92' lang='lat' dir='ltr'>tu</span> <span class='ocrx_word' id='word_1_317' title='bbox 1137 1410 1377 1453; x_wconf 87' lang='lat' dir='ltr'>fabricatus</span> <span class='ocrx_word' id='word_1_318' title='bbox 1401 1424 1448 1453; x_wconf 92' lang='lat' dir='ltr'>es</span> <span class='ocrx_word' id='word_1_319' title='bbox 1468 1413 1673 1454; x_wconf 78' lang='lat' dir='ltr'>auretam</span> <span class='ocrx_word' id='word_1_320' title='bbox 1690 1415 1733 1453; x_wconf 91' lang='lat' dir='ltr'>et</span> <span class='ocrx_word' id='word_1_321' title='bbox 1753 1410 1903 1452; x_wconf 90' lang='lat' dir='ltr'>solem.</span> 
     </span>
    </p>

    <p class='ocr_par' dir='ltr' id='par_1_26' title="bbox 1073 1467 1904 1577">
     <span class='ocr_line' id='line_1_67' title="bbox 1123 1467 1903 1510; baseline -0.001 -1"><span class='ocrx_word' id='word_1_322' title='bbox 1123 1469 1193 1509; x_wconf 92' lang='lat' dir='ltr'>Tu</span> <span class='ocrx_word' id='word_1_323' title='bbox 1208 1468 1350 1510; x_wconf 90' lang='lat' dir='ltr'>fecisti</span> <span class='ocrx_word' id='word_1_324' title='bbox 1365 1481 1517 1510; x_wconf 92' lang='lat' dir='ltr'>omnes</span> <span class='ocrx_word' id='word_1_325' title='bbox 1531 1467 1746 1509; x_wconf 90' lang='lat' dir='ltr'>terminos</span> <span class='ocrx_word' id='word_1_326' title='bbox 1757 1472 1903 1509; x_wconf 86' lang='lat' dir='ltr'>terrae:</span> 
     </span>
     <span class='ocr_line' id='line_1_68' title="bbox 1073 1524 1904 1577; baseline -0.002 -10"><span class='ocrx_word' id='word_1_327' title='bbox 1073 1527 1096 1552; x_wconf 88' lang='grc'>*</span> <span class='ocrx_word' id='word_1_328' title='bbox 1119 1527 1321 1567; x_wconf 86' lang='lat' dir='ltr'>aestatem</span> <span class='ocrx_word' id='word_1_329' title='bbox 1349 1530 1393 1567; x_wconf 90' lang='lat' dir='ltr'>et</span> <span class='ocrx_word' id='word_1_330' title='bbox 1412 1538 1489 1567; x_wconf 89' lang='lat' dir='ltr'>ver</span> <span class='ocrx_word' id='word_1_331' title='bbox 1515 1529 1564 1566; x_wconf 88' lang='lat' dir='ltr'>tu</span> <span class='ocrx_word' id='word_1_332' title='bbox 1582 1524 1814 1577; x_wconf 88' lang='lat' dir='ltr'>plasmasti</span> <span class='ocrx_word' id='word_1_333' title='bbox 1842 1536 1904 1565; x_wconf 85' lang='lat' dir='ltr'>ea.</span> 
     </span>
    </p>

    <p class='ocr_par' dir='ltr' id='par_1_27' title="bbox 1072 1580 1904 1749">
     <span class='ocr_line' id='line_1_69' title="bbox 1124 1580 1903 1633; baseline -0.003 -10"><span class='ocrx_word' id='word_1_334' title='bbox 1124 1582 1294 1624; x_wconf 91' lang='lat' dir='ltr'>Memor</span> <span class='ocrx_word' id='word_1_335' title='bbox 1323 1587 1419 1623; x_wconf 86' lang='lat' dir='ltr'>esto</span> <span class='ocrx_word' id='word_1_336' title='bbox 1445 1582 1582 1633; x_wconf 86' lang='lat' dir='ltr'>hujus,</span> <span class='ocrx_word' id='word_1_337' title='bbox 1602 1581 1804 1622; x_wconf 90' lang='lat' dir='ltr'>inimicus</span> <span class='ocrx_word' id='word_1_338' title='bbox 1827 1580 1903 1621; x_wconf 91' lang='lat' dir='ltr'>im-</span> 
     </span>
     <span class='ocr_line' id='line_1_70' title="bbox 1072 1637 1904 1692; baseline -0.004 -11"><span class='ocrx_word' id='word_1_339' title='bbox 1072 1639 1329 1692; x_wconf 89' lang='lat' dir='ltr'>properavit</span> <span class='ocrx_word' id='word_1_340' title='bbox 1353 1639 1562 1680; x_wconf 82' lang='lat' dir='ltr'>Domino:</span> <span class='ocrx_word' id='word_1_341' title='bbox 1589 1639 1614 1665; x_wconf 85' lang='grc'>*</span> <span class='ocrx_word' id='word_1_342' title='bbox 1643 1642 1686 1679; x_wconf 87' lang='lat' dir='ltr'>et</span> <span class='ocrx_word' id='word_1_343' title='bbox 1712 1637 1904 1690; x_wconf 81' lang='lat' dir='ltr'>populus</span> 
     </span>
     <span class='ocr_line' id='line_1_71' title="bbox 1074 1696 1860 1749; baseline -0.003 -12"><span class='ocrx_word' id='word_1_344' title='bbox 1074 1696 1283 1749; x_wconf 91' lang='lat' dir='ltr'>insipiens</span> <span class='ocrx_word' id='word_1_345' title='bbox 1311 1696 1509 1738; x_wconf 87' lang='lat' dir='ltr'>incitavit</span> <span class='ocrx_word' id='word_1_346' title='bbox 1536 1707 1698 1737; x_wconf 91' lang='lat' dir='ltr'>nomen</span> <span class='ocrx_word' id='word_1_347' title='bbox 1724 1698 1860 1736; x_wconf 86' lang='lat' dir='ltr'>tuum.</span> 
     </span>
    </p>

    <p class='ocr_par' dir='ltr' id='par_1_28' title="bbox 1073 1750 1906 1909">
     <span class='ocr_line' id='line_1_72' title="bbox 1124 1750 1905 1795; baseline -0.003 -1"><span class='ocrx_word' id='word_1_348' title='bbox 1124 1753 1193 1795; x_wconf 91' lang='lat' dir='ltr'>Ne</span> <span class='ocrx_word' id='word_1_349' title='bbox 1220 1752 1370 1795; x_wconf 86' lang='lat' dir='ltr'>tradas</span> <span class='ocrx_word' id='word_1_350' title='bbox 1397 1752 1551 1794; x_wconf 90' lang='lat' dir='ltr'>bestiis</span> <span class='ocrx_word' id='word_1_351' title='bbox 1579 1751 1746 1793; x_wconf 87' lang='lat' dir='ltr'>animas</span> <span class='ocrx_word' id='word_1_352' title='bbox 1774 1750 1905 1792; x_wconf 90' lang='lat' dir='ltr'>confi-</span> 
     </span>
     <span class='ocr_line' id='line_1_73' title="bbox 1073 1809 1906 1862; baseline -0.005 -10"><span class='ocrx_word' id='word_1_353' title='bbox 1073 1812 1217 1852; x_wconf 81' lang='lat' dir='ltr'>tentes</span> <span class='ocrx_word' id='word_1_354' title='bbox 1235 1809 1328 1860; x_wconf 88' lang='lat' dir='ltr'>tibi,</span> <span class='ocrx_word' id='word_1_355' title='bbox 1352 1811 1376 1837; x_wconf 89' lang='lat'>*</span> <span class='ocrx_word' id='word_1_356' title='bbox 1401 1814 1444 1851; x_wconf 91' lang='lat' dir='ltr'>et</span> <span class='ocrx_word' id='word_1_357' title='bbox 1471 1809 1637 1850; x_wconf 90' lang='lat' dir='ltr'>animas</span> <span class='ocrx_word' id='word_1_358' title='bbox 1660 1811 1906 1862; x_wconf 81' lang='lat' dir='ltr'>pauperum</span> 
     </span>
     <span class='ocr_line' id='line_1_74' title="bbox 1074 1865 1880 1909; baseline -0.004 -1"><span class='ocrx_word' id='word_1_359' title='bbox 1074 1869 1251 1909; x_wconf 84' lang='lat' dir='ltr'>tuorum</span> <span class='ocrx_word' id='word_1_360' title='bbox 1277 1879 1332 1908; x_wconf 89' lang='lat' dir='ltr'>ne</span> <span class='ocrx_word' id='word_1_361' title='bbox 1358 1865 1636 1908; x_wconf 87' lang='lat' dir='ltr'>obliviscaris</span> <span class='ocrx_word' id='word_1_362' title='bbox 1665 1866 1708 1906; x_wconf 91' lang='lat' dir='ltr'>in</span> <span class='ocrx_word' id='word_1_363' title='bbox 1737 1865 1880 1906; x_wconf 90' lang='lat' dir='ltr'>finem.</span> 
     </span>
    </p>

    <p class='ocr_par' dir='ltr' id='par_1_29' title="bbox 1077 1923 1919 2088">
     <span class='ocr_line' id='line_1_75' title="bbox 1127 1923 1919 1977; baseline -0.005 -12"><span class='ocrx_word' id='word_1_364' title='bbox 1127 1924 1319 1977; x_wconf 76' lang='lat' dir='ltr'>Respice</span> <span class='ocrx_word' id='word_1_365' title='bbox 1336 1924 1380 1964; x_wconf 92' lang='lat' dir='ltr'>in</span> <span class='ocrx_word' id='word_1_366' title='bbox 1399 1924 1713 1965; x_wconf 90' lang='lat' dir='ltr'>testamentum</span> <span class='ocrx_word' id='word_1_367' title='bbox 1733 1923 1919 1976; x_wconf 20' lang='lat' dir='ltr'>tuum:**</span> 
     </span>
     <span class='ocr_line' id='line_1_76' title="bbox 1078 1978 1905 2034; baseline -0.005 -11"><span class='ocrx_word' id='word_1_368' title='bbox 1078 1981 1179 2034; x_wconf 90' lang='lat' dir='ltr'>quia</span> <span class='ocrx_word' id='word_1_369' title='bbox 1216 1980 1375 2034; x_wconf 91' lang='lat' dir='ltr'>repleti</span> <span class='ocrx_word' id='word_1_370' title='bbox 1411 1985 1531 2030; x_wconf 89' lang='lat' dir='ltr'>sunt,</span> <span class='ocrx_word' id='word_1_371' title='bbox 1571 1979 1643 2032; x_wconf 90' lang='lat' dir='ltr'>qui</span> <span class='ocrx_word' id='word_1_372' title='bbox 1681 1978 1905 2021; x_wconf 88' lang='lat' dir='ltr'>obscurati</span> 
     </span>
     <span class='ocr_line' id='line_1_77' title="bbox 1077 2036 1883 2088; baseline -0.005 -8"><span class='ocrx_word' id='word_1_373' title='bbox 1077 2043 1177 2080; x_wconf 88' lang='lat' dir='ltr'>sunt</span> <span class='ocrx_word' id='word_1_374' title='bbox 1202 2042 1333 2079; x_wconf 88' lang='lat' dir='ltr'>terrae</span> <span class='ocrx_word' id='word_1_375' title='bbox 1361 2037 1566 2079; x_wconf 84' lang='lat' dir='ltr'>domibus</span> <span class='ocrx_word' id='word_1_376' title='bbox 1594 2036 1883 2088; x_wconf 88' lang='lat' dir='ltr'>iniquitatum.</span> 
     </span>
    </p>

    <p class='ocr_par' dir='ltr' id='par_1_30' title="bbox 1076 2093 1906 2250">
     <span class='ocr_line' id='line_1_78' title="bbox 1127 2093 1906 2137; baseline -0.005 0"><span class='ocrx_word' id='word_1_377' title='bbox 1127 2095 1196 2137; x_wconf 94' lang='lat' dir='ltr'>Ne</span> <span class='ocrx_word' id='word_1_378' title='bbox 1216 2096 1439 2136; x_wconf 88' lang='lat' dir='ltr'>avertatur</span> <span class='ocrx_word' id='word_1_379' title='bbox 1453 2094 1630 2135; x_wconf 84' lang='lat' dir='ltr'>humilis</span> <span class='ocrx_word' id='word_1_380' title='bbox 1645 2093 1788 2134; x_wconf 91' lang='lat' dir='ltr'>factus</span> <span class='ocrx_word' id='word_1_381' title='bbox 1807 2104 1906 2133; x_wconf 93' lang='lat' dir='ltr'>con-</span> 
     </span>
     <span class='ocr_line' id='line_1_79' title="bbox 1076 2148 1906 2204; baseline -0.005 -11"><span class='ocrx_word' id='word_1_382' title='bbox 1076 2152 1214 2193; x_wconf 83' lang='lat' dir='ltr'>fusus:</span> <span class='ocrx_word' id='word_1_383' title='bbox 1251 2153 1274 2178; x_wconf 87' lang='lat'>*</span> <span class='ocrx_word' id='word_1_384' title='bbox 1310 2164 1479 2204; x_wconf 89' lang='lat' dir='ltr'>pauper</span> <span class='ocrx_word' id='word_1_385' title='bbox 1513 2156 1557 2192; x_wconf 92' lang='lat' dir='ltr'>et</span> <span class='ocrx_word' id='word_1_386' title='bbox 1592 2150 1722 2203; x_wconf 91' lang='lat' dir='ltr'>inops</span> <span class='ocrx_word' id='word_1_387' title='bbox 1758 2148 1906 2190; x_wconf 86' lang='lat' dir='ltr'>lauda-</span> 
     </span>
     <span class='ocr_line' id='line_1_80' title="bbox 1076 2208 1535 2250; baseline -0.004 0"><span class='ocrx_word' id='word_1_388' title='bbox 1076 2208 1186 2250; x_wconf 91' lang='lat' dir='ltr'>bunt</span> <span class='ocrx_word' id='word_1_389' title='bbox 1213 2220 1373 2249; x_wconf 89' lang='lat' dir='ltr'>nomen</span> <span class='ocrx_word' id='word_1_390' title='bbox 1401 2213 1535 2249; x_wconf 90' lang='lat' dir='ltr'>tuum.</span> 
     </span>
    </p>

    <p class='ocr_par' dir='ltr' id='par_1_31' title="bbox 1078 2263 1908 2487">
     <span class='ocr_line' id='line_1_81' title="bbox 1130 2263 1908 2316; baseline -0.005 -10"><span class='ocrx_word' id='word_1_391' title='bbox 1130 2266 1327 2315; x_wconf 78' lang='lat' dir='ltr'>Exsurge</span> <span class='ocrx_word' id='word_1_392' title='bbox 1368 2264 1509 2314; x_wconf 89' lang='lat' dir='ltr'>Deus,</span> <span class='ocrx_word' id='word_1_393' title='bbox 1551 2263 1693 2316; x_wconf 82' lang='lat' dir='ltr'>judica</span> <span class='ocrx_word' id='word_1_394' title='bbox 1730 2274 1908 2304; x_wconf 85' lang='lat' dir='ltr'>causam</span> 
     </span>
     <span class='ocr_line' id='line_1_82' title="bbox 1078 2318 1907 2373; baseline -0.004 -11"><span class='ocrx_word' id='word_1_395' title='bbox 1078 2326 1215 2363; x_wconf 87' lang='lat' dir='ltr'>tuam:</span> <span class='ocrx_word' id='word_1_396' title='bbox 1241 2322 1264 2347; x_wconf 91' lang='lat'>*</span> <span class='ocrx_word' id='word_1_397' title='bbox 1291 2333 1460 2362; x_wconf 91' lang='lat' dir='ltr'>memor</span> <span class='ocrx_word' id='word_1_398' title='bbox 1495 2325 1591 2362; x_wconf 90' lang='lat' dir='ltr'>esto</span> <span class='ocrx_word' id='word_1_399' title='bbox 1620 2318 1907 2373; x_wconf 80' lang='lat' dir='ltr'>improperio-</span> 
     </span>
     <span class='ocr_line' id='line_1_83' title="bbox 1079 2375 1908 2429; baseline -0.004 -11"><span class='ocrx_word' id='word_1_400' title='bbox 1079 2391 1176 2419; x_wconf 93' lang='lat' dir='ltr'>rum</span> <span class='ocrx_word' id='word_1_401' title='bbox 1202 2379 1389 2426; x_wconf 82' lang='lat' dir='ltr'>tuorum,</span> <span class='ocrx_word' id='word_1_402' title='bbox 1418 2379 1571 2418; x_wconf 71' lang='lat' dir='ltr'>earum</span> <span class='ocrx_word' id='word_1_403' title='bbox 1599 2389 1699 2429; x_wconf 87' lang='lat' dir='ltr'>quae</span> <span class='ocrx_word' id='word_1_404' title='bbox 1727 2375 1782 2417; x_wconf 92' lang='lat' dir='ltr'>ab</span> <span class='ocrx_word' id='word_1_405' title='bbox 1809 2375 1908 2416; x_wconf 89' lang='lat' dir='ltr'>insi-</span> 
     </span>
     <span class='ocr_line' id='line_1_84' title="bbox 1078 2433 1634 2487; baseline 0.004 -12"><span class='ocrx_word' id='word_1_406' title='bbox 1078 2434 1226 2487; x_wconf 91' lang='lat' dir='ltr'>piente</span> <span class='ocrx_word' id='word_1_407' title='bbox 1255 2439 1356 2475; x_wconf 91' lang='lat' dir='ltr'>sunt</span> <span class='ocrx_word' id='word_1_408' title='bbox 1383 2439 1477 2475; x_wconf 84' lang='lat' dir='ltr'>tota</span> <span class='ocrx_word' id='word_1_409' title='bbox 1505 2433 1587 2475; x_wconf 90' lang='lat' dir='ltr'>die.</span> <span class='ocrx_word' id='word_1_410' title='bbox 1631 2475 1634 2478; x_wconf 17' lang='grc' dir='ltr'><em>Α</em></span> 
     </span>
    </p>

    <p class='ocr_par' dir='ltr' id='par_1_32' title="bbox 1080 2486 1908 2655">
     <span class='ocr_line' id='line_1_85' title="bbox 1130 2486 1908 2532; baseline -0.004 0"><span class='ocrx_word' id='word_1_411' title='bbox 1130 2490 1199 2532; x_wconf 89' lang='lat' dir='ltr'>Ne</span> <span class='ocrx_word' id='word_1_412' title='bbox 1235 2489 1512 2531; x_wconf 89' lang='lat' dir='ltr'>obliviscaris</span> <span class='ocrx_word' id='word_1_413' title='bbox 1548 2486 1682 2531; x_wconf 83' lang='lat' dir='ltr'>voces</span> <span class='ocrx_word' id='word_1_414' title='bbox 1716 2488 1908 2530; x_wconf 81' lang='lat' dir='ltr'>inimico-</span> 
     </span>
     <span class='ocr_line' id='line_1_86' title="bbox 1080 2544 1908 2599; baseline -0.004 -11"><span class='ocrx_word' id='word_1_415' title='bbox 1080 2560 1175 2588; x_wconf 90' lang='lat' dir='ltr'>rum</span> <span class='ocrx_word' id='word_1_416' title='bbox 1191 2548 1381 2588; x_wconf 79' lang='lat' dir='ltr'>tuerum:</span> <span class='ocrx_word' id='word_1_417' title='bbox 1392 2548 1415 2573; x_wconf 85' lang='lat'>*</span> <span class='ocrx_word' id='word_1_418' title='bbox 1427 2546 1634 2599; x_wconf 90' lang='lat' dir='ltr'>superbia</span> <span class='ocrx_word' id='word_1_419' title='bbox 1654 2548 1818 2594; x_wconf 75' lang='lat' dir='ltr'>eorum,</span> <span class='ocrx_word' id='word_1_420' title='bbox 1834 2544 1908 2597; x_wconf 90' lang='lat' dir='ltr'>qui</span> 
     </span>
     <span class='ocr_line' id='line_1_87' title="bbox 1080 2602 1792 2655; baseline -0.004 -10"><span class='ocrx_word' id='word_1_421' title='bbox 1080 2609 1123 2645; x_wconf 90' lang='lat' dir='ltr'>te</span> <span class='ocrx_word' id='word_1_422' title='bbox 1153 2602 1351 2651; x_wconf 89' lang='lat' dir='ltr'>oderunt,</span> <span class='ocrx_word' id='word_1_423' title='bbox 1380 2602 1578 2643; x_wconf 88' lang='lat' dir='ltr'>ascendit</span> <span class='ocrx_word' id='word_1_424' title='bbox 1607 2614 1792 2655; x_wconf 89' lang='lat' dir='ltr'>semper.</span> 
     </span>
    </p>

    <p class='ocr_par' dir='ltr' id='par_1_33' title="bbox 1080 2657 1908 2758">
     <span class='ocr_line' id='line_1_88' title="bbox 1126 2657 1908 2708; baseline 0 -10"><span class='ocrx_word' id='word_1_425' title='bbox 1126 2658 1225 2699; x_wconf 83' lang='lat' dir='ltr'>Ant.</span> <span class='ocrx_word' id='word_1_426' title='bbox 1266 2658 1489 2700; x_wconf 87' lang='lat' dir='ltr'>Liberasti</span> <span class='ocrx_word' id='word_1_427' title='bbox 1527 2658 1694 2708; x_wconf 85' lang='lat' dir='ltr'>virgam</span> <span class='ocrx_word' id='word_1_428' title='bbox 1726 2657 1908 2699; x_wconf 88' lang='lat' dir='ltr'>haeredi-</span> 
     </span>
     <span class='ocr_line' id='line_1_89' title="bbox 1080 2716 1310 2758; baseline -0.004 -1"><span class='ocrx_word' id='word_1_429' title='bbox 1080 2716 1183 2758; x_wconf 89' lang='lat' dir='ltr'>tatis</span> <span class='ocrx_word' id='word_1_430' title='bbox 1210 2719 1310 2757; x_wconf 86' lang='lat' dir='ltr'>tuae.</span> 
     </span>
    </p>
   </div>
   <div class='ocr_carea' id='block_1_4' title="bbox 121 122 1974 2825">
    <p class='ocr_par' dir='ltr' id='par_1_34' title="bbox 121 122 1974 2825">
     <span class='ocr_line' id='line_1_90' title="bbox 121 122 1974 2825; baseline 0 0"><span class='ocrx_word' id='word_1_431' title='bbox 121 122 1974 2825; x_wconf 95' lang='lat' dir='ltr'> </span> 
     </span>
    </p>
   </div>
  </div>
 </body>
</html>
