2040 2990
776 191 974 225 Domini-:21
999 190 1047 223 ad
1072 188 1305 222 Matutinum.

260 291 422 333 Deinde
450 289 565 329 clara
595 300 700 328 voce
730 287 809 328 dic.
839 281 887 333 Y.

205 343 441 449 Domine,
455 343 568 385 labia
583 356 678 384 mea
693 342 872 395 aperies.
894 342 942 392 Rg.
958 339 1014 380 Et

315 415 362 442 os
382 414 525 442 meum
548 398 820 441 annuntiabit
842 396 1014 438 laudem

205 467 332 500 tuam.
354 453 402 505 V.
418 457 534 499 Deus
546 457 588 497 in
600 455 861 507 adiutorium
872 465 1014 494 meum

206 513 389 555 intende.
443 514 492 565 Rg.
517 513 703 554 Domine
731 510 787 552 ad
813 509 1013 561 adjuvan-

206 570 307 612 dum
335 583 404 611 me
433 570 596 610 festina.

258 631 406 672 Glo'ria
426 630 554 678 Patri,
574 634 617 670 et
634 627 754 676 Filio,
774 631 816 667 et
837 625 1014 678 Spiritui

205 692 368 728 sancto.
398 686 517 727 Sicut
542 690 634 727 erat
658 684 701 725 in
725 682 949 735 principio,
972 686 1015 722 et

206 757 329 792 nunc,
352 748 394 784 et
418 754 602 794 semper:
627 746 669 782 et
689 741 732 780 in
758 738 916 780 saecula
939 750 1015 778 sae-

207 800 412 841 culOrum.
440 799 589 840 Amen.
616 796 808 848 Alleluia.

257 861 318 895 Sic
335 860 471 893 dicitur
484 856 723 901 xlleluja,21d
742 865 872 889 omncs
890 854 979 887 1101·
974 865 1014 887 ns

209 920 274 963 per
291 915 407 942 totum
424 908 583 940 lunum
602 903 1013 948 plriutc1·q[11n'1r1.1)om

209 958 244 990 ιιι
261 959 426 998 ὃςρῑιιικι
406 965 611 996 ‚usquc
601 953 647 986 ud
674 953 750 986 [cr.
775 952 816 984 Χ.
841 951 875 983 in
895 952 1013 984 (ἶιυιιιι

209 1004 373 1038 Domini:
400 1009 484 1036 tunc
515 1002 613 1035 enim
642 1001 795 1034 dicitur:
824 999 923 1032 laus
945 997 1015 1032 tibi

208 1051 378 1093 I)6mine,
395 1050 476 1084 Rex
493 1050 606 1083 ¹tetern
611 1059 643 1083 ιε
660 1047 802 1091 gloriae

263 1109 521 1143 Invitatorium
538 1119 640 1150 sequ.
658 1107 795 1140 dicitur
809 1106 855 1138 ab
871 1104 1013 1137 Octava

210 1159 342 1201 Epiph.
362 1169 479 1199 usque
499 1157 545 1189 nd
565 1155 711 1190 Domin.
730 1156 906 1197 Septuag.

260 1218 567 1258 Invitatorium.
605 1216 849 1257 Adoremus
870 1214 1015 1255 Demi-

207 1289 318 1321 num,
342 1276 362 1297 *
393 1275 474 1324 Qui
502 1274 602 1314 fecit
632 1285 720 1312 nos.
775 1269 1014 1321 Repetitur:

207 1331 449 1372 Adoremus
461 1330 706 1378 Daminum,
722 1329 793 1380 qui
810 1328 911 1369 fecit
927 1341 1016 1368 nos.

471 1406 535 1445 I's·
527 1405 662 1445 almus
692 1405 756 1443 04.

214 1484 304 1557 ἕης
324 1471 485 1516 enite,
522 1467 784 1509 exsultemus
817 1466 1016 1516 DOmino,

219 1510 344 1590 3&ss
375 1524 600 1574 jubilemus
624 1524 718 1564 Deo
745 1523 921 1563 salutari
945 1535 1016 1563 no-

218 1594 222 1601 ’
245 1576 332 1607 3ϊ’ῖ·“
376 1586 481 1621 stro:
493 1582 848 1643 praeoccupemus
865 1579 1017 1620 faciem

209 1636 298 1686 ejus
326 1636 367 1675 in
397 1636 677 1684 confessiOne,
705 1641 747 1676 et
775 1636 818 1675 in
842 1635 1018 1687 psalmis

210 1690 435 1742 jubilemus
463 1692 512 1733 ei.

263 1747 504 1789 Adoremus
534 1748 782 1795 Deminum.
815 1748 887 1799 qui
919 1748 1019 1789 fecit

211 1816 298 1844 nos.

263 1860 474 1906 (moniam
507 1860 626 1901 Deus
659 1873 840 1911 magnus
873 1860 1019 1901 Domi-

212 1928 301 1957 nus
328 1922 370 1956 et
395 1917 488 1957 Rex
512 1929 693 1967 magnus
718 1929 846 1968 super
869 1930 1019 1958 omnes

213 1971 334 2012 deos
353 1973 555 2023 queniam
574 1985 659 2013 non
678 1973 858 2038 repellet
874 1974 1019 2014 Demi-

212 2040 291 2068 nus
319 2027 490 2079 plebem
519 2042 658 2078 suam,
693 2030 792 2080 quia
820 2030 862 2070 in
892 2043 1018 2071 manu

212 2084 301 2133 ejus
322 2089 421 2125 sunt
439 2096 588 2125 omnes
608 2085 715 2126 fines
736 2090 875 2134 terrae,
902 2092 944 2127 et
964 2087 1019 2127 al-

213 2138 419 2180 titudines
442 2141 651 2182 mOntium
677 2141 770 2193 ipse
797 2143 1020 2195 conspicit.

263 2196 346 2244 Qui
368 2196 468 2237 fecit
488 2209 577 2237 nos.

265 2252 477 2300 Quossiam
494 2253 627 2304 ipsius
645 2259 709 2294 est
727 2267 855 2303 mare,
871 2260 912 2296 et
929 2255 1021 2307 ipse

215 2307 314 2348 feeit
339 2307 454 2355 illud,
479 2314 521 2349 et
550 2309 712 2350 aridam
735 2310 1021 2353 fundaverunt

214 2376 364 2404 manus
392 2365 495 2413 ejus:
531 2368 671 2406 venite
700 2365 946 2415 adoremus,
979 2374 1021 2409 et

214 2418 490 2470 procidamus
509 2427 608 2462 ante
629 2421 784 2462 Deum:
803 2422 1021 2474 ploremus

215 2486 360 2515 coram
382 2475 579 2525 Domino,
600 2477 671 2527 qui
697 2477 797 2519 fecit
814 2491 903 2526 nos,
923 2481 1021 2530 quia

216 2531 309 2582 ipse
325 2537 389 2571 est
409 2531 616 2572 Dominus
635 2533 751 2574 Deus
768 2540 931 2575 noster:
944 2549 1022 2577 nos

215 2591 358 2650 autem
370 2587 556 2638 populus
568 2589 667 2638 ejus,
678 2594 720 2630 et
732 2602 835 2630 oves
851 2593 1023 2642 pascuae

217 2655 316 2692 ejus.

272 2697 511 2739 Adoremus
531 2700 652 2748 Dfim,
674 2702 744 2752 qui
766 2702 866 2744 fecit
886 2717 974 2744 nos.

1120 280 1262 322 Hodie
1288 280 1325 320 si
1350 291 1504 320 vocem
1530 278 1620 329 ejus
1644 275 1883 325 audieritiS,

1067 338 1199 379 nolite
1214 335 1433 378 obdurare
1448 333 1582 376 corda
1598 337 1754 382 vestra,
1769 333 1882 375 sicut

1066 395 1109 435 in
1136 391 1470 435 exacerbatione
1497 389 1738 432 secundum
1766 388 1882 431 diem

1065 450 1318 492 tentatic'mis
1334 449 1376 489 in
1391 447 1582 489 deserto:
1601 445 1676 487 ubi
1690 447 1882 488 tentave-

1067 512 1167 548 runt
1180 519 1249 547 me
1266 510 1413 558 patres
1431 503 1576 552 vestri,
1586 501 1883 555 probaverunt

1067 570 1110 605 et
1137 562 1339 603 viderunt
1367 563 1501 613 Opera
1528 571 1636 601 mea.

1119 619 1202 670 Qui
1230 618 1332 660 fecit
1358 629 1450 659 nos

1120 679 1415 731 Quadraginta
1434 677 1558 718 annis
1576 677 1804 730 proximus
1823 675 1884 718 fui

1066 736 1334 789 generationi
1356 734 1474 783 huic,
1500 738 1542 775 et
1567 733 1674 783 dixi,
1702 733 1884 786 Semper

1066 794 1111 835 hi
1131 798 1276 835 errant
1296 791 1443 833 corde:
1461 791 1546 844 ipsi
1563 802 1668 832 vero
1683 802 1770 831 non
1787 802 1884 841 cog-

1068 852 1283 891 noverunt
1302 849 1394 889 vias
1417 860 1547 897 meas,
1569 845 1727 899 quibus
1746 846 1885 899 juravi

1067 908 1110 947 in
1125 907 1189 947 ira
1203 918 1309 955 mea,
1324 905 1359 946 si
1375 903 1617 946 introibunt
1631 903 1675 944 in
1691 903 1885 956 requiem

1067 976 1218 1005 meam.

1124 1019 1364 1061 Adoremus
1383 1018 1508 1067 Dfim,
1529 1017 1603 1068 qui
1622 1016 1725 1058 fecit
1742 1028 1835 1056 nos.

1123 1080 1271 1121 (iloria
1289 1080 1419 1130 Patri,
1439 1084 1482 1120 et
1500 1078 1624 1127 Fssio,
1644 1082 1688 1120 et
1705 1077 1886 1130 Spiritui

1068 1142 1229 1178 sancto.
1260 1136 1381 1178 Sicut
1406 1141 1498 1178 erat
1522 1137 1567 1177 in
1585 1133 1814 1188 principio,
1839 1138 1884 1175 et

1068 1207 1192 1243 nunc,
1218 1198 1260 1234 et
1280 1205 1466 1245 semper:
1487 1198 1532 1234 et
1557 1193 1602 1232 in
1626 1190 1786 1232 saecula
1809 1203 1886 1231 sae-

1069 1250 1275 1291 culorum.
1293 1250 1445 1290 Amen.

1122 1307 1203 1356 Qui
1224 1307 1326 1347 fecit
1346 1318 1435 1346 nos.

1123 1363 1367 1405 Adoremus
1387 1362 1511 1411 Dfim,
1531 1362 1606 1413 qui
1625 1360 1727 1402 fecit
1745 1371 1836 1401 nos.

1123 1428 1293 1468 Sequens
1314 1424 1486 1467 Hymnus
1509 1422 1648 1456 dicitur
1671 1422 1719 1455 ab
1743 1419 1889 1454 Octava

1074 1474 1207 1518 Epiph.
1234 1484 1353 1516 usquc
1380 1472 1426 1506 ud
1458 1472 1565 1505 Dom.
1590 1470 1616 1504 Ι.
1642 1469 1832 1512 Quadrag.

1376 1537 1584 1588 Hymnus.

1202 1604 1312 1644 rimo
1334 1603 1415 1653 die,
1435 1615 1522 1655 quo
1542 1601 1735 1642 Trinitas

1218 1660 1355 1701 Beata
1373 1658 1583 1701 mundum
1602 1656 1812 1706 condidit,

1171 1716 1254 1758 Vel
1274 1729 1360 1768 quo
1382 1719 1613 1767 resurgens
1630 1712 1844 1755 Conditor

1172 1773 1266 1813 Nos
1285 1778 1425 1814 morte
1445 1772 1560 1814 victa
1578 1770 1751 1812 liberat:

1126 1837 1264 1879 I'ulsis
1286 1837 1440 1890 procul
1459 1835 1728 1890 torporibus,

1172 1894 1406 1945 Surgamus
1427 1906 1579 1934 omnes
1598 1895 1745 1946 ocyus,

1173 1950 1228 1992 Et
1248 1955 1375 1992 nocte
1396 1952 1643 2002 quaeramus
1662 1949 1815 1998 Deum,

1172 2006 1391 2059 Propheta
1413 2007 1525 2048 sicut
1545 2005 1763 2058 praecipit:

1127 2073 1309 2113 Nostras
1329 2084 1482 2124 preces
1500 2077 1547 2112 ut
1566 2070 1727 2119 audiat,

1173 2127 1391 2179 Suamque
1412 2127 1613 2169 dextram
1631 2127 1839 2180 perrigat,

1174 2184 1230 2225 Et
1250 2185 1449 2237 expiatos
1470 2183 1675 2226 sordibus

1175 2240 1350 2282 Reddat
1369 2241 1571 2293 polorum
1590 2239 1788 2282 sedibus:

1129 2306 1195 2353 I't,
1215 2305 1375 2356 quique
1396 2305 1691 2347 sacratissimo

1176 2362 1314 2412 Hujus
1336 2361 1420 2402 diei
1442 2363 1641 2414 tempore

1175 2417 1309 2457 Horis
1329 2418 1486 2469 quietis
1505 2418 1742 2470 psallimus,

1177 2473 1313 2513 Donis
1331 2473 1472 2514 beatis
1489 2478 1699 2515 muneret.

1126 2540 1221 2578 Jam
1240 2550 1364 2587 nunc,
1383 2540 1563 2590 paterna
1583 2539 1770 2588 claritas,

1177 2594 1241 2634 Te
1261 2594 1531 2645 postulamus
1551 2595 1730 2636 affatim:

1178 2649 1336 2690 Absint
1357 2650 1472 2691 faces
1491 2650 1696 2701 libidinis,

1178 2705 1233 2746 Et
1253 2706 1394 2746 omnis
1415 2711 1536 2748 actus
1556 2707 1722 2748 naxius.
