2080 2990
726 219 934 253 Commune
959 229 1036 253 non
1060 218 1271 261 Virgilium.

200 321 299 360 Ant.
321 317 472 371 Specie
491 321 566 358 tua
586 320 630 357 et
648 313 971 368 pulchritudine

145 381 220 417 tua
237 374 429 424 intende,
457 375 670 427 prospere
691 369 899 424 procede,
928 374 972 412 et

146 444 299 539 Γθῗληῐῗέ.
320 494 554 546 Adjuvabit
574 492 835 535 eam*Deus
849 491 971 533 vultu

148 564 243 594 suo:
261 552 382 594 Deus
401 552 445 592 in
463 550 609 592 medio
630 550 731 602 ejus,
749 561 837 589 non
857 561 971 590 com-

147 608 405 651 movebitur.

414 689 611 730 Psalmus
638 689 704 729 45.

149 753 314 860 Deus
339 760 489 797 noster
509 753 735 804 refugium,
758 757 802 795 et
820 753 973 794 virtus:

269 813 293 839 *
330 811 501 864 adjutor
536 810 581 851 in
611 809 973 859 tribulationibus,

150 882 248 923 quae
274 869 532 910 invenerunt
557 879 638 908 nos
666 866 803 906 nimis.

199 926 441 978 Propterea
473 935 561 965 non
593 921 841 964 timebimus
870 921 974 963 dum

148 981 394 1024 turbabitur
410 984 542 1022 terra:
559 978 583 1005 *
599 983 642 1020 et
660 977 973 1020 transferentur

147 1042 320 1080 montes
347 1037 391 1078 in
419 1048 495 1077 cor
522 1035 664 1076 maris.

201 1095 458 1142 Sonuerunt,
474 1096 518 1134 et
532 1091 720 1133 turbatae
738 1095 837 1132 sunt
847 1103 974 1143 aquae

149 1153 317 1193 eorum:
343 1150 367 1175 *
396 1147 645 1190 οοῃῒιιώέιῒί
676 1152 776 1189 sunt
803 1151 974 1189 montes

148 1207 193 1248 in
220 1205 474 1248 fortitudine
502 1204 603 1256 ejus.

201 1262 410 1304 Fluminis
437 1263 626 1313 impetus
653 1259 847 1301 laetificat
875 1259 973 1300 civi-

148 1321 285 1362 tatem
317 1318 416 1360 Dei:
449 1317 473 1343 *
511 1316 798 1358 sanctificavit
833 1315 974 1357 taber-

149 1375 352 1417 naculum
379 1387 505 1415 suum
531 1372 792 1414 Altissimus.

200 1432 321 1473 Deus
353 1431 397 1471 in
423 1429 569 1471 medio
599 1429 704 1480 ejus,
738 1441 826 1469 non
861 1441 974 1469 com-

149 1487 412 1529 movebitur:
435 1486 458 1511 *
483 1484 705 1537 adjuvabit
732 1497 828 1526 eam
855 1484 975 1526 Deus

150 1556 278 1585 mane
306 1541 508 1584 diluculo.

205 1598 487 1642 Conturbatae
517 1601 618 1639 sunt
641 1596 817 1646 Gentes,
848 1601 892 1638 et
915 1596 974 1636 in-

152 1656 311 1698 clinata
338 1659 439 1696 sunt
465 1666 614 1705 regna:
631 1652 655 1679 *
674 1651 795 1694 dedit
822 1664 976 1694 vocem

151 1725 285 1762 suam,
311 1715 432 1753 mota
460 1715 527 1752 est
552 1714 680 1752 terra.

202 1768 416 1810 Dominus
446 1766 655 1808 virtutum
682 1764 925 1807 nobiscum:
952 1765 976 1790 *

152 1826 382 1877 susceptor
407 1827 558 1865 noster
583 1822 706 1863 Deus
732 1820 880 1862 Jacob.

203 1881 373 1930 Venite,
398 1884 442 1921 et
465 1878 611 1920 videte
635 1879 771 1930 opera
789 1877 976 1926 Domini,

153 1949 251 1990 quae
270 1935 418 1989 posuit
435 1934 636 1988 prodigia
655 1945 786 1986 super
800 1938 977 1975 terram:

151 1995 176 2021 *
203 1993 403 2035 auferens
436 1990 553 2034 bella
585 2002 724 2043 usque
756 1988 813 2031 ad
845 1989 977 2031 finem

151 2054 294 2092 terrae.

204 2107 370 2147 Arcum
406 2106 620 2153 conteret,
658 2107 701 2144 et
735 2102 978 2152 confringet

154 2174 288 2204 arma:
314 2162 338 2188 *
366 2166 409 2203 et
437 2164 560 2202 scuta
588 2158 816 2200 comburet
842 2158 941 2209 igni.

205 2218 390 2267 Vacete,
419 2221 462 2259 et
489 2215 634 2257 videte
664 2214 868 2267 quoniam
896 2226 977 2264 ego

154 2287 251 2315 sum
264 2274 400 2316 Deus:
414 2273 438 2299 *
453 2271 680 2314 exaltabor
694 2271 739 2311 in
754 2270 978 2319 Gentibus,

156 2335 200 2372 et
226 2329 452 2372 exaltabor
479 2329 523 2370 in
549 2333 676 2370 terra.

206 2385 419 2427 Dominus
450 2385 659 2426 virtutum
685 2382 927 2424 nobiscum:
955 2382 978 2407 *

156 2443 383 2494 susceptor
410 2446 559 2483 noster
586 2440 707 2482 Deus
733 2438 881 2480 Jacob.

209 2506 309 2548 Ant.
336 2505 567 2558 Adjuvabit
596 2518 692 2547 eam
709 2505 830 2545 Deus
854 2503 977 2544 vultu

158 2575 252 2604 suo:
270 2562 391 2603 Deus
409 2562 453 2602 in
472 2562 617 2603 medio
637 2562 738 2613 ejus,
757 2572 845 2601 non
865 2571 978 2600 com-

156 2617 414 2660 movebitur.

207 2684 305 2724 Ant.
336 2684 472 2734 Aquae
499 2682 646 2724 multae
669 2684 693 2710 *
714 2695 801 2724 non
825 2683 975 2735 potue—

156 2744 256 2781 runt
275 2741 550 2789 exstinguere
570 2739 806 2780 caritatem.

1291 313 1488 354 Psalmus
1516 314 1579 352 47.

1127 381 1265 420 agnus
1290 368 1519 417 Dominus,
1547 372 1590 409 et
1616 366 1848 409 laudabilis

1145 425 1271 466 nimis
1290 425 1314 450 *
1334 425 1377 465 in
1404 424 1578 466 civitate
1598 423 1681 465 Dei
1699 423 1849 472 nostri,

1023 483 1068 523 in
1086 486 1235 523 monte
1256 485 1408 522 sancto
1428 481 1528 532 ejus.

1075 537 1302 579 Fundatur
1327 536 1615 579 exsultatione
1634 536 1849 577 universae

1024 600 1154 637 terrae
1187 606 1314 636 mons
1347 593 1468 643 Sion,
1495 592 1519 618 *
1546 591 1684 633 latera
1717 592 1848 644 Aqui-

1025 651 1149 700 lonis,
1178 650 1333 692 civitas
1351 649 1466 700 regis
1484 648 1639 699 magni.

1076 708 1198 749 Deus
1216 707 1260 748 in
1285 705 1488 748 domibus
1508 706 1597 757 ejus
1617 706 1849 755 cognosce-

1024 769 1106 813 tur,
1125 766 1148 791 *
1170 777 1270 805 cum
1290 762 1499 815 suscipiet
1518 774 1624 803 eam.

1079 821 1294 871 Quoniam
1323 832 1426 861 ecce
1454 831 1580 869 reges
1600 822 1729 859 terrae
1752 830 1850 859 con-

1026 877 1194 929 gregati
1240 881 1355 918 sunt:
1399 877 1423 903 *
1468 876 1765 916 convenerunt
1808 874 1851 915 in

1025 947 1170 975 unum.

1077 990 1168 1042 Ipsi
1195 988 1393 1030 videntes
1422 988 1485 1029 sic
1514 987 1715 1029 admirati
1742 992 1851 1036 sunt,

1027 1045 1277 1087 conturbati
1305 1048 1420 1094 sunt,
1452 1044 1660 1086 commoti
1687 1048 1801 1085 sunt:
1829 1044 1852 1070 *

1026 1108 1191 1144 tremor
1209 1100 1499 1155 apprehendit
1519 1113 1607 1142 eos.

1078 1159 1145 1201 Ibi
1173 1159 1349 1200 dolores
1377 1163 1425 1199 ut
1451 1157 1747 1210 parturientis:
1767 1156 1852 1196 *in

1028 1215 1183 1268 spiritu
1211 1214 1458 1257 vehementi
1492 1216 1692 1255 conteres
1720 1225 1853 1254 naves

1027 1272 1219 1313 Tharsis.

1079 1329 1199 1371 Sicut
1225 1327 1485 1377 audivimus,
1513 1326 1576 1367 sic
1597 1325 1785 1367 vidimus
1811 1326 1854 1366 in

1028 1386 1205 1427 civitote
1229 1384 1407 1426 Domini
1433 1383 1659 1433 virtutum,
1686 1382 1730 1423 in
1754 1382 1853 1424 civi-

1027 1444 1118 1484 tate
1149 1442 1234 1483 Dei
1265 1441 1422 1482 nostri:
1450 1440 1473 1465 *
1500 1440 1622 1481 Deus
1657 1439 1854 1480 fundavit

1029 1512 1125 1541 eam
1143 1499 1187 1539 in
1206 1500 1428 1539 aeternum.

1080 1554 1359 1607 Suscepimus
1374 1554 1495 1595 Deus
1509 1550 1854 1594 misericerdiam

1027 1616 1157 1661 tuam,
1175 1613 1199 1638 *
1217 1611 1261 1651 in
1279 1609 1425 1651 medio
1445 1608 1598 1661 templi
1618 1608 1692 1649 tui.

1079 1666 1328 1709 Secundum
1365 1679 1524 1707 nomen
1565 1669 1687 1706 tuum
1722 1664 1855 1712 Deus,

1029 1725 1092 1766 sic
1129 1729 1173 1766 et
1207 1723 1303 1765 laus
1340 1728 1415 1765 tua
1447 1723 1490 1763 in
1522 1721 1631 1762 fines
1659 1726 1803 1762 terrae:
1831 1721 1855 1746 *

1028 1781 1189 1833 justitia
1207 1780 1337 1833 plena
1358 1784 1424 1821 est
1443 1778 1623 1820 dextera
1641 1782 1726 1818 tua.

1080 1837 1274 1878 Laetetur
1310 1848 1436 1876 mons
1471 1834 1595 1883 Sion,
1632 1838 1676 1875 et
1715 1832 1853 1874 exsul-

1028 1898 1121 1935 tent
1148 1893 1251 1934 filiae
1278 1891 1419 1941 Judae,
1442 1892 1466 1919 *
1487 1894 1669 1943 propter
1696 1888 1855 1941 judicia

1029 1954 1103 1991 tua
1123 1949 1322 1990 Domine.
1595 1979 1609 1987 .

1081 2004 1361 2047 Circumdate
1384 2004 1504 2053 Sion,
1537 2007 1580 2044 et
1604 2001 1854 2054 complecti-

1029 2063 1132 2103 mini
1169 2074 1279 2103 eam:
1311 2062 1335 2087 *
1371 2062 1546 2101 narrate
1581 2059 1624 2100 in
1660 2057 1854 2101 turribus

1030 2120 1131 2171 ejus.

1080 2175 1237 2216 Ponite
1270 2173 1405 2215 corda
1438 2177 1586 2214 vestra
1617 2172 1662 2212 in
1692 2171 1854 2212 virtute

1031 2232 1135 2283 ejus:
1162 2232 1186 2258 *
1215 2229 1461 2272 distribuite
1490 2228 1645 2270 domos
1674 2227 1780 2279 ejus,
1807 2231 1855 2267 ut

1031 2287 1241 2329 enarretis
1260 2287 1303 2327 in
1322 2286 1533 2339 progenie
1553 2284 1701 2326 altera.

1083 2343 1299 2393 Quoniam
1334 2342 1405 2384 hic
1446 2346 1512 2384 est
1547 2341 1689 2389 Deus,
1733 2339 1853 2380 Deus

1030 2405 1182 2442 noster
1198 2400 1241 2440 in
1261 2401 1489 2448 aeternum,
1514 2403 1557 2440 et
1579 2397 1623 2438 in
1647 2395 1854 2438 saeculum

1032 2456 1195 2498 saeculi:
1213 2455 1237 2482 *
1255 2456 1349 2508 ipse
1373 2459 1495 2506 reget
1518 2466 1598 2495 nos
1621 2453 1664 2493 in
1683 2450 1854 2493 saecula.

1085 2513 1185 2553 Ant.
1223 2512 1362 2564 Aquae
1401 2511 1550 2552 multae
1582 2521 1670 2550 non
1702 2509 1853 2560 potue-

1031 2573 1132 2610 runt
1152 2570 1428 2619 exstinguere
1447 2566 1685 2608 caritatem.

1081 2621 1132 2673 V.
1172 2624 1411 2677 Adjuvabit
1445 2635 1541 2664 eam
1576 2622 1697 2663 Deus
1734 2618 1854 2660 vultu

1031 2693 1123 2722 suo.
1159 2683 1209 2735 R.
1238 2681 1360 2722 Deus
1387 2680 1429 2720 in
1457 2678 1603 2721 medio
1632 2679 1738 2729 ejus,
1765 2687 1853 2715 non

1032 2737 1390 2779 commovebitur.
