2040 2990
744 207 780 239 ln
809 206 1111 240 (lircumcisionc
1139 205 1303 239 Domini.

167 316 270 344 ecce
295 302 369 354 qui
394 301 510 343 tollit
533 302 717 354 peccata
740 300 910 349 mundi,
939 299 995 341 al-

165 360 304 412 leluJa.

234 425 501 476 Capitulum.
733 425 817 466 Tit.
832 427 867 465 2.
883 438 917 465 c.

239 481 419 533 pparuit
457 481 599 532 gratia
635 480 719 521 Dei
755 477 996 521 Salvatoris

295 537 435 578 nostri
482 536 683 578 omnibus
732 534 995 584 hominibus,

166 593 371 635 erudiens
391 606 481 643 nos,
500 598 549 634 ut
564 593 832 645 abnegantes
846 590 995 642 impie-

164 652 316 700 tatem,
342 655 385 691 et
410 650 638 691 saecularia
665 648 901 698 desideria,
929 649 996 688 so-

164 707 269 757 brie,
290 712 333 749 et
347 708 469 759 juste,
490 711 533 748 et
551 707 623 759 pie
638 707 837 747 vivamus
852 705 894 745 in
910 703 996 745 hoc

165 764 341 806 saeculo.

476 824 687 875 Hymnus.

287 887 393 928 solis
414 892 538 929 ortus
557 886 735 929 cardine

307 943 380 985 Ad
399 957 539 996 usque
558 949 689 985 terrae
708 942 901 991 limitem,

243 999 466 1042 Christum
484 1002 691 1042 canamus
710 999 971 1051 Principem,

241 1057 405 1099 Natum
424 1057 562 1098 Maria
581 1056 775 1107 Virgine.

190 1128 355 1168 Beatus
376 1131 532 1168 auctor
552 1125 703 1167 saeculi

242 1183 408 1231 Servile
428 1196 591 1235 corpus
608 1182 764 1224 induit:

244 1240 302 1281 Ut
322 1253 453 1282 carne
473 1253 649 1282 carnem
668 1239 874 1287 liberans,

240 1297 308 1338 Ne
327 1297 535 1349 perderet
555 1310 667 1349 quos
687 1295 895 1337 candidit.

190 1368 335 1408 Castae
355 1367 552 1420 parentis
572 1368 742 1407 viscera

242 1424 446 1465 Coelestis
466 1425 599 1465 intrat
619 1422 775 1474 gratia:

240 1481 409 1522 Venter
427 1479 593 1521 Puellae
613 1479 776 1531 bajulat

243 1538 432 1586 Secreta,
451 1550 549 1590 quae
570 1549 657 1578 non
677 1538 872 1577 neverat.

190 1606 359 1645 Domus
379 1602 529 1655 pudici
547 1601 743 1654 pectoris

239 1659 474 1712 Templum
493 1660 676 1711 repente
694 1657 744 1698 fit
765 1657 862 1698 Dei:

243 1717 414 1758 Intacta
434 1716 634 1757 nesciens
654 1714 806 1763 virum,

241 1772 456 1825 Concepit
475 1772 575 1814 alvo
595 1771 764 1812 Filium.

189 1843 380 1886 Enititur
400 1844 628 1896 puerpera,

243 1901 384 1950 Quem
404 1899 586 1941 Gabriel
606 1898 885 1952 praedixerat,

243 1958 383 2007 Quem
402 1961 555 1998 ventre
574 1956 726 1997 matris
746 1955 949 2007 gestienS,

242 2013 443 2066 Baptista
462 2013 658 2054 clausum
677 2014 885 2053 senserat.

193 2085 331 2129 Foeno
352 2083 492 2134 jacere
511 2082 706 2135 pertulit:

239 2139 446 2191 Praesepe
464 2151 552 2180 non
573 2137 814 2180 abherruit:

242 2196 298 2237 Et
316 2194 432 2237 lacte
450 2194 627 2236 medico
648 2200 801 2248 pastus
821 2198 898 2243 est,

244 2251 327 2293 Per
348 2265 479 2304 quem
498 2264 579 2293 nec
599 2251 690 2293 ales
711 2251 857 2293 esurit.

193 2321 367 2364 Gaudet
387 2320 547 2362 chorus
568 2320 824 2369 coelestium,

244 2379 300 2419 Et
320 2377 479 2429 Angeli
499 2382 661 2418 canunt
679 2377 792 2427 Deo;

242 2434 482 2487 Palamque
502 2434 552 2475 fit
568 2433 822 2486 pastoribus

243 2492 413 2540 Pastor,
433 2491 617 2532 Creator
637 2490 842 2531 omnium.

191 2566 305 2611 Jesu,
325 2560 403 2602 tibi
422 2561 479 2602 sit
498 2560 648 2612 gloria,

245 2618 329 2668 Qui
345 2623 474 2658 natus
495 2630 542 2658 es
563 2616 618 2658 de
638 2616 832 2667 Virgine,

245 2675 354 2716 Cum
370 2674 512 2723 Patre,
534 2678 577 2714 et
597 2673 712 2714 almo
732 2673 909 2725 Spiritu,

243 2732 294 2772 In
315 2731 579 2783 sempiterna
599 2729 771 2771 saecula.
799 2729 952 2770 Amen.

1106 295 1155 347 V.
1175 299 1375 341 Verbum
1398 312 1502 341 caro
1526 300 1687 342 factum
1712 306 1794 350 est,
1820 300 1878 342 al-

1049 354 1188 407 leluja.
1237 357 1288 408 Rz.
1325 357 1383 398 Et
1414 355 1629 399 habitavit
1660 357 1706 398 in
1736 357 1878 408 nobis,

1049 411 1231 464 alleluja.

1104 481 1172 521 Ad
1196 480 1358 522 Bencd.
1381 479 1480 520 Ant.
1502 478 1701 520 Mirabile
1719 480 1877 531 myste-

1049 535 1161 575 rium
1181 535 1431 577 declaratur
1450 535 1596 578 hodie:
1615 536 1879 577 innovantur

1048 594 1234 642 naturae,
1262 592 1385 634 Deus
1409 591 1543 634 homo
1563 592 1703 634 factus
1724 596 1805 634 est:
1833 591 1879 634 id

1049 648 1170 700 quod
1189 648 1269 690 fuit
1287 649 1548 702 permansit,
1577 653 1621 691 et
1646 648 1767 702 quod
1790 661 1879 690 non

1049 710 1144 746 erat
1155 706 1407 759 assumpsit3
1422 718 1511 747 non
1522 706 1879 747 commixtienem

1047 774 1216 814 passus,
1238 775 1381 815 neque
1401 762 1672 804 divisi6nem.

1382 832 1546 874 Oratio.

1135 911 1227 949 eus,
1253 897 1327 950 qui
1346 897 1501 939 salutis
1520 899 1712 949 aeternae,
1737 897 1880 939 beatae

1142 955 1294 996 Mariae
1309 954 1562 1006 virginitate
1572 953 1788 1003 foecunda,
1804 953 1879 994 hu-

1048 1013 1179 1053 mano
1213 1011 1363 1062 generi
1399 1011 1583 1063 praemia
1617 1009 1880 1064 praestitisti:

1049 1068 1192 1110 tribue
1231 1069 1498 1120 quaesumus3
1535 1072 1585 1109 ut
1619 1068 1762 1121 ipsam
1797 1079 1880 1119 pro

1048 1125 1177 1167 nobis
1205 1123 1479 1166 intercedere
1511 1124 1769 1174 sentiamus,
1801 1135 1881 1176 per

1051 1195 1181 1235 quam
1223 1181 1463 1223 meruimus
1508 1183 1735 1223 auctorem
1778 1180 1880 1222 vitae

1050 1241 1291 1292 suscipere,
1322 1238 1562 1280 Deminum
1589 1242 1788 1280 nostrum
1813 1237 1880 1279 Je-

1050 1310 1146 1337 sum
1179 1295 1402 1338 Christum
1435 1295 1594 1337 Filium
1625 1300 1763 1338 tuum:
1796 1293 1881 1345 Qui

1048 1358 1195 1395 tecum
1214 1353 1321 1395 vivit
1343 1357 1387 1395 et
1404 1358 1569 1403 regnat.

1319 1429 1387 1465 Ad
1410 1428 1615 1466 Tertiam.

1102 1488 1201 1528 Ant.
1231 1486 1418 1536 Quando
1439 1490 1568 1528 natus
1589 1498 1648 1527 es.

1102 1549 1240 1600 Capit.
1269 1547 1492 1600 Apparuit
1510 1547 1661 1599 gratia.

1099 1609 1150 1660 R.
1170 1608 1232 1650 br.
1259 1607 1458 1650 Verbum
1482 1620 1586 1649 caro
1610 1607 1777 1648 factum
1801 1611 1879 1655 est,

1047 1666 1069 1690 *
1093 1665 1292 1718 Alleluia,
1312 1664 1494 1717 alleluja.
1518 1663 1727 1706 Verbum.
1750 1659 1801 1712 V.
1823 1663 1881 1704 Et

1048 1721 1264 1763 habitavit
1290 1722 1334 1762 in
1361 1721 1501 1763 nobis.
1541 1720 1748 1773 Alleluia,
1780 1719 1880 1761 alle-

1048 1778 1145 1831 luja.
1175 1779 1328 1821 Gloria
1347 1779 1479 1820 Patri.
1506 1777 1717 1820 Verbum.

1098 1837 1149 1889 V.
1185 1841 1287 1893 Ipse
1322 1839 1546 1882 invocabit
1577 1851 1664 1889 me,
1699 1838 1880 1890 alleluja.

1047 1901 1097 1952 R„
1118 1897 1249 1939 Pater
1268 1910 1394 1939 meus
1414 1910 1461 1939 es
1481 1901 1540 1947 tu,
1560 1895 1742 1948 alleluja.

1327 1975 1395 2012 Ad
1419 1974 1607 2012 Sextam.

1097 2037 1198 2078 Ant.
1232 2032 1407 2076 Rubum
1436 2045 1567 2085 quem
1594 2029 1766 2072 viderat
1788 2030 1879 2072 Μό-

1048 2103 1160 2143 yses.

1098 2150 1359 2202 Capitulum.
1584 2144 1718 2186 Hebr.
1739 2145 1767 2184 1.
1787 2156 1821 2184 c.

1130 2217 1162 2254 t:
1186 2211 1256 2252 Tu
1280 2211 1325 2252 in
1347 2210 1565 2264 principio
1587 2210 1776 2251 Demine
1795 2214 1878 2251 ter-

1146 2281 1240 2309 ram
1264 2267 1473 2309 fundasti:
1503 2272 1546 2308 et
1571 2269 1708 2319 epera
1730 2268 1878 2307 manu-

1049 2339 1123 2367 um
1141 2327 1314 2366 tuarum
1335 2328 1436 2365 sunt
1458 2323 1569 2365 coeli.

1100 2387 1148 2439 R
1173 2385 1233 2425 br.
1273 2385 1440 2426 Notum
1467 2385 1571 2426 fecit
1596 2384 1831 2433 Dominus,
1850 2378 1872 2401 ²*

1049 2442 1250 2494 Allehija,
1276 2441 1458 2493 alleluja.
1485 2441 1662 2482 Notum.
1686 2438 1734 2487 V.
1758 2440 1877 2482 Salu-

1049 2502 1144 2541 tare
1163 2511 1300 2540 suum.
1334 2497 1536 2549 Alleluja,
1556 2497 1739 2549 alleluja.
1774 2496 1877 2538 Glo-

1049 2557 1113 2598 ria
1134 2555 1262 2596 Patri.
1289 2554 1467 2595 Notum.

1098 2609 1148 2661 Y.
1176 2615 1396 2657 Viderunt
1422 2628 1573 2656 omnes
1598 2615 1708 2656 fines
1735 2619 1876 2663 terrae,

1049 2673 1231 2724 alleluja.
1257 2671 1307 2722 R·-
1328 2671 1526 2713 Salutate
1545 2671 1630 2713 Dei
1647 2670 1798 2721 nostri,
1819 2669 1876 2711 al-

1048 2730 1185 2782 leluja.
