2040 2990
480 307 628 347 Lectio
653 308 703 346 vi.

296 362 521 413 miracula,
555 375 581 404 o
606 362 824 416 prodigia,
854 363 1011 404 fratres

312 419 412 461 mei!
451 419 631 461 Naturae
664 420 756 471 jura
787 422 1012 462 mutantur

184 476 226 516 in
260 475 452 526 homine3
490 477 612 518 Deus
645 476 854 526 nascitur,
887 476 1011 527 virgo

184 533 276 574 sine
300 533 394 574 viro
418 533 687 583 gravidatur,
715 533 797 574 viri
819 533 1011 574 nesciam

184 602 329 631 sermo
348 590 431 631 Dei
449 592 638 631 maritat:
664 589 790 630 simul
810 589 925 631 facta
945 594 1012 631 est

183 651 322 688 mater
339 651 383 688 et
397 647 537 698 virgo3
555 651 696 687 mater
711 646 836 696 facta,
857 645 935 687 sed
950 646 1010 686 in-

184 706 406 755 corrupta3
435 703 559 754 virgo
579 702 745 744 habens
765 703 916 752 filium,
941 704 1011 744 ne-

184 760 326 801 sciens
351 760 508 810 virum3
543 772 717 812 semper
742 759 905 810 clausa,
933 759 1011 801 sed

182 829 270 858 non
302 816 565 858 infoecunda.
611 815 740 858 Solus
773 816 887 857 enim
918 816 1011 858 sine

182 875 367 926 peccato
389 878 456 915 est
474 878 612 923 natus,
637 886 766 925 quem
786 871 878 914 sine
898 872 1011 913 virili

183 929 418 983 complexu
437 942 534 971 non·
546 929 903 982 concupiscentia
921 942 1010 971 car-

182 986 265 1035 nis,
294 986 372 1028 sed
399 986 648 1028 obedientia
668 987 819 1037 genuit
840 986 1010 1028 mentis.

232 1055 282 1105 Rg.
323 1051 563 1094 Benedicta
596 1057 639 1094 et
670 1051 931 1093 venerabilis
963 1064 1010 1092 es

182 1108 321 1160 Virgo
350 1108 506 1158 Maria,
537 1121 635 1161 quae
663 1108 756 1150 sine
783 1113 905 1150 tactu
933 1121 1009 1161 pu-

183 1165 303 1206 doris
327 1165 504 1207 inventa
530 1178 577 1207 es
596 1170 737 1207 mater
756 1165 1009 1207 Salvatoris:

180 1227 202 1248 *
224 1221 406 1264 Jacebat
426 1222 469 1263 in
488 1222 725 1275 praesepio,
750 1227 793 1264 et
816 1221 1010 1274 fulgebat

181 1279 224 1320 in
254 1278 379 1320 coelo.
424 1274 471 1326 Y.
501 1279 689 1321 Domine
718 1278 864 1321 audivi
892 1278 1009 1320 audi-

181 1340 274 1377 tum
306 1340 445 1385 tuum,
485 1340 529 1377 et
562 1336 700 1377 timui:
736 1335 1010 1377 consideravi

183 1394 318 1444 opera
352 1396 445 1442 tua,
488 1397 531 1434 et
568 1393 741 1445 expavi:
783 1393 827 1433 in
863 1391 1009 1434 medio

182 1448 369 1490 duorum
388 1448 648 1490 animalium.
680 1449 874 1491 Jacebat.
907 1449 1008 1491 Glo-

182 1505 247 1546 ria
264 1505 394 1547 Patri.
421 1506 445 1546 J
448 1505 614 1548 acebat.

394 1597 443 1635 In
471 1597 542 1635 111.
570 1597 793 1638 Nocturno.

182 1663 336 1706 Lectio
362 1663 501 1704 sancti
518 1662 744 1713 Evangelii
768 1663 1009 1705 secundum

457 1719 725 1761 Matthaeum.

260 1787 409 1828 Lectio
432 1787 498 1827 vii.
719 1789 821 1841 Cap.
837 1791 873 1829 2.
890 1789 927 1830 d.

229 1864 256 1891 n
282 1851 357 1893 illo
381 1854 596 1905 ternpore:
623 1852 844 1894 Defuncto
869 1852 1008 1894 Hero-

249 1907 319 1958 de,
345 1921 447 1951 ecce
466 1909 662 1961 Angelus
680 1909 858 1950 Domini
876 1911 1009 1962 appa-

184 1964 269 2005 ruit
292 1965 335 2006 in
359 1966 523 2007 somnis
547 1966 571 2006 J
574 1966 714 2020 oseph
738 1966 780 2007 in
800 1966 1010 2019 AEgtho,

184 2019 348 2062 dicens:
383 2023 537 2073 Surge,
565 2027 610 2064 et
634 2023 785 2076 accipe
813 2026 1009 2076 puerum,

184 2082 228 2118 et
246 2082 431 2119 matrem
451 2080 556 2130 ejus,
583 2084 626 2121 et
646 2080 756 2121 vade
781 2080 824 2121 in
847 2085 1009 2122 terram

183 2133 330 2175 Israel.
358 2135 414 2176 Et
432 2135 610 2188 reliqua.

272 2211 465 2254 llomilia
493 2213 633 2254 sancti
660 2214 918 2267 Hieronymi

466 2269 731 2322 Presbyteri.

283 2339 365 2373 Lib.
393 2341 418 2374 1.
445 2341 587 2375 Comm.
614 2341 650 2374 in
676 2354 705 2374 c.
727 2343 756 2374 2.
780 2340 910 2375 Mutth.

356 2399 440 2441 hoc
472 2400 572 2441 loco
609 2400 888 2451 intelligimus
923 2415 1008 2444 non

315 2457 457 2498 solum
485 2456 729 2505 Herodem,
762 2457 840 2499 sed
874 2463 917 2500 et
944 2472 1008 2500 sa-

191 2532 283 2535 -
315 2513 518 2555 cerdotes
560 2518 604 2555 et
644 2513 810 2555 scribas
853 2515 1009 2557 eodem

183 2573 383 2623 tempore
402 2583 555 2611 necem
574 2570 749 2611 Domini
770 2570 903 2612 fuisse
922 2585 1008 2614 me-

184 2627 359 2669 ditatos.
406 2627 489 2676 Qui
522 2639 703 2678 surgens
735 2627 904 2679 accepit
933 2632 1008 2680 pu-

185 2697 307 2726 erum
335 2689 378 2725 et
404 2688 587 2724 matrem
614 2684 715 2734 ejus.
755 2683 856 2725 Non
885 2683 1008 2726 dixit:

184 2740 371 2794 Accepit
403 2740 539 2780 filium
573 2752 712 2789 suum,
751 2745 794 2782 et
826 2742 1007 2782 uxorem

800 207 838 240 In
866 207 1006 249 vigilia
1032 206 1271 249 Epiphaniae.

1064 315 1200 344 suam:
1220 302 1299 344 sed
1313 305 1509 355 puerum,
1529 306 1572 343 et
1585 306 1770 343 matrem
1785 301 1890 353 ejus:

1065 359 1189 411 quasi
1209 359 1423 408 nutritius,
1442 371 1530 400 non
1549 360 1741 400 maritus.

1116 421 1165 471 Rg.
1183 415 1343 458 Sancta
1362 421 1405 458 et
1424 414 1702 458 immaculata
1719 414 1890 466 virgini-

1063 478 1145 524 tas,
1186 473 1343 526 quibus
1378 478 1423 515 te
1461 471 1665 514 laudibus
1702 471 1891 521 efferam,

1063 530 1228 571 nescio:
1251 536 1271 557 *
1305 530 1417 580 Quia
1445 542 1576 581 quem
1603 528 1704 570 coeli
1731 530 1890 581 capere

1063 599 1151 627 non
1170 589 1391 639 poterant,
1417 591 1494 628 tuo
1519 585 1685 637 gremio
1710 584 1890 627 contuli-

1063 643 1129 684 sti.
1162 640 1207 692 ,vt
1232 642 1473 685 Benedicta
1491 647 1540 684 tu
1562 642 1606 683 in
1624 641 1890 690 mulieribus,

1064 704 1108 741 et
1135 699 1396 742 benedictus
1429 700 1596 741 fructus
1627 698 1790 740 ventris
1815 697 1890 740 tui.

1064 756 1187 806 Quia.

1060 818 1072 828 “
1348 814 1498 854 Lectio
1520 814 1602 854 viii.

1063 863 1295 970 Aidiens
1323 870 1469 907 autem
1503 865 1622 918 quod
1646 864 1890 906 Archelaus

1160 925 1364 974 regnaret
1383 922 1426 963 in
1440 922 1464 962 J
1467 921 1593 963 udaea
1611 934 1695 975 pro
1710 920 1890 963 Herode

1062 984 1188 1033 patre
1208 992 1306 1030 suo,
1325 979 1469 1021 timuit
1487 978 1564 1020 illo
1584 979 1658 1021 ire.
1685 978 1814 1019 Multi
1832 977 1890 1019 la-

1062 1037 1224 1079 buntur
1239 1038 1388 1078 errore
1402 1041 1586 1089 propter
1600 1034 1891 1087 ignorantiam

1062 1093 1273 1143 historiae,
1309 1094 1517 1146 putantes
1554 1091 1758 1134 eumdem
1794 1104 1890 1133 esse

1062 1150 1304 1200 Herodem,
1337 1163 1362 1191 a
1391 1162 1479 1202 quo
1507 1149 1552 1190 in
1576 1148 1784 1202 passione
1812 1161 1891 1190 sua

1062 1207 1276 1249 Dominus
1314 1206 1539 1256 irridetur,
1581 1211 1625 1248 et
1667 1205 1742 1258 qui
1776 1218 1890 1247 nunc

1061 1266 1260 1306 mortuus
1287 1276 1383 1306 esse
1405 1263 1629 1305 referatur.
1666 1263 1784 1314 Ergo
1802 1262 1889 1304 He-

1062 1320 1194 1362 rodes
1226 1320 1299 1363 ille
1334 1320 1407 1373 qui
1435 1332 1535 1361 cum
1562 1318 1705 1361 Pilato
1732 1321 1891 1372 postea

1063 1377 1274 1419 amicitias
1293 1377 1408 1427 fecit,
1426 1376 1553 1428 hujus
1568 1375 1761 1418 Herodis
1775 1375 1891 1417 filius

1063 1439 1140 1485 est,
1160 1434 1294 1476 frater
1312 1432 1529 1475 Archelai.

1114 1493 1166 1544 R.
1191 1491 1405 1532 Nesciens
1428 1494 1568 1532 mater
1588 1489 1714 1542 virgo
1738 1489 1890 1540 virum,

1062 1548 1234 1600 peperit
1259 1548 1351 1590 sine
1376 1546 1546 1589 dolore:
1572 1550 1595 1576 *
1617 1546 1890 1588 Salvatorem

1063 1604 1335 1654 saeculorum,
1354 1604 1498 1656 ipsum
1514 1603 1683 1655 Regem
1701 1602 1890 1654 Angelo-

1062 1674 1173 1710 rum,
1202 1660 1296 1702 sola
1314 1660 1439 1723 virgo
1463 1659 1660 1702 lactabat
1679 1659 1815 1702 ubere
1834 1659 1890 1701 de

1062 1717 1177 1759 coelo
1196 1717 1340 1770 pleno.
1372 1717 1424 1764 Y.
1450 1718 1621 1759 Domus
1644 1715 1794 1770 pudici
1817 1718 1889 1770 pe-

1063 1774 1196 1816 ctoris
1215 1773 1428 1827 templum
1447 1775 1628 1827 repente
1646 1773 1696 1815 fit
1713 1773 1811 1815 Dei:
1829 1773 1889 1814 in-

1061 1834 1182 1874 tacta
1206 1831 1406 1872 nesciens
1433 1831 1591 1881 virum,
1626 1829 1762 1872 verbo
1790 1842 1890 1872 con-

1063 1888 1180 1941 cepit
1207 1887 1375 1929 Filium.
1415 1887 1700 1929 Salvatorem.
1737 1886 1890 1928 Gloria

1062 1946 1191 1987 Patri.
1226 1944 1511 1987 Salvatorem.

1360 2006 1513 2048 Lectio
1533 2006 1586 2046 ix.

1147 2063 1323 2105 uoniam
1366 2061 1606 2104 Nazaraeus
1650 2060 1890 2103 vocabitur.

1167 2120 1212 2162 Si
1245 2119 1381 2160 fixum
1409 2118 1465 2160 de
1492 2118 1732 2171 Scripturis
1759 2130 1889 2170 posu-

1062 2179 1168 2219 isset
1183 2175 1442 2228 exemplum,
1457 2187 1696 2228 numquam
1710 2173 1890 2217 diceret:

1063 2231 1192 2284 Quod
1224 2232 1389 2274 dictum
1421 2236 1488 2274 est
1518 2244 1599 2284 per
1629 2231 1889 2284 Prophetas3

1062 2289 1142 2331 sed
1171 2288 1441 2342 simpliciter:
1469 2287 1600 2338 Quod
1628 2287 1795 2330 dictum
1823 2292 1889 2329 est

1062 2359 1142 2400 per
1169 2345 1453 2398 Prophetam:
1480 2357 1594 2386 nunc
1622 2349 1768 2386 autem
1795 2344 1887 2396 plu-

1062 2402 1210 2445 raliter
1228 2401 1476 2454 Prophetas
1494 2413 1673 2450 vocans,
1696 2400 1888 2443 ostendit

1062 2472 1110 2502 se
1142 2471 1229 2500 non
1256 2457 1391 2500 verba
1423 2458 1478 2500 de
1506 2458 1743 2510 Scripturis
1774 2470 1885 2499 sum-

1060 2518 1213 2569 psisse,
1233 2513 1311 2556 sed
1327 2527 1514 2556 sensum.
1537 2514 1580 2555 N
1581 2516 1775 2556 azaraeus
1793 2527 1886 2556 san-

1062 2578 1158 2615 ctus
1194 2572 1519 2624 interpretatur.
1568 2571 1777 2613 Sanctum
1815 2583 1886 2613 au-

1061 2635 1151 2672 tem
1164 2629 1403 2670 Dominum
1421 2628 1615 2670 futurum
1630 2628 1771 2670 omnis
1785 2627 1888 2670 Scri-

1062 2690 1192 2739 ptura
1211 2686 1533 2727 commemorat.

1115 2742 1179 2784 Te
1195 2742 1338 2783 Deum
1357 2740 1595 2783 laudamus.
1614 2742 1673 2782 14.
