2040 2990
668 239 737 273 Dic
763 240 820 273 ils)
848 239 943 274 Nox:
991 242 1024 274 5.
1050 240 1179 273 Andre
1185 251 1217 274 ze
1242 241 1433 284 xpostoli.

195 334 415 376 exaudivit
435 347 528 376 eos:
547 335 636 376 *et
656 348 710 376 ex
728 335 929 377 omnibus
948 336 1019 377 tri-

194 391 489 433 bulationibus
509 393 661 433 eorum
679 391 880 433 liberavit
899 405 986 434 eos.

243 449 374 490 Juxta
394 453 460 490 est
478 449 722 490 Dominus
712 449 775 498 iis,
795 449 869 500 qui
887 449 1018 491 tribu-

192 505 282 547 lato
307 511 408 547 sunt
432 505 629 547 cordez*
657 511 700 547 et
724 505 909 548 humiles
935 509 1018 559 spi-

192 563 276 603 ritu
304 562 501 604 salvabit.

243 619 393 660 Multae
416 619 720 661 tribulationes
745 621 973 671 justorum:
992 620 1015 645 *

193 681 236 717 et
269 675 323 717 de
361 676 562 718 omnibus
598 676 665 717 his
702 676 904 719 liberabit
941 689 1017 718 eos

191 733 416 774 Dominus.

243 789 445 831 Custodit
480 790 876 831 Dominus-omnia
916 803 1018 832 ossa

191 848 357 887 eorum:
382 847 406 872 *
430 860 562 887 unum
588 859 642 888 ex
667 846 734 888 his
761 860 848 888 non
873 853 1016 889 conte-

190 904 318 944 retur.

240 960 359 1001 Mors
387 963 668 1013 peccatorum
695 962 899 1013 pessima:
924 963 948 988 *
973 966 1016 1003 et

191 1017 263 1069 qui
284 1017 470 1058 oderunt
490 1018 658 1068 justum,
679 1017 944 1070 delinquent.

241 1073 445 1115 Redimet
477 1074 692 1114 Dominus
730 1075 896 1115 animas
930 1088 1015 1116 ser-

190 1133 343 1171 vorum
355 1133 547 1171 suorum:
563 1131 586 1157 *
603 1135 647 1172 et
661 1144 749 1172 non
761 1131 1016 1184 delinquent

190 1200 341 1229 omnes
362 1188 434 1239 qui
455 1192 633 1240 sperant
651 1188 694 1229 in
715 1201 778 1229 eo.

237 1257 332 1295 Ant.
372 1254 527 1294 Venite
555 1258 659 1305 post
686 1266 771 1303 me,
796 1253 901 1295 dicit
927 1254 1014 1295 Do-

187 1309 345 1359 minus,
372 1309 528 1350 faciam
551 1322 630 1351 vos
655 1310 747 1351 fieri
773 1311 1015 1363 piscatores

187 1365 421 1408 hominurn.

236 1435 333 1473 Ant.
376 1431 552 1473 Relictis
571 1432 738 1474 retibus
756 1432 856 1482 suis,
876 1434 1014 1476 secuti

188 1492 289 1529 sunt
309 1488 544 1530 Dominum
564 1488 920 1542 Redemptorem.

451 1574 590 1613 Psalm
598 1586 644 1613 us
674 1575 739 1613 44.

268 1641 455 1683 ructavit
509 1654 585 1683 cor
637 1654 782 1683 meum
831 1643 1014 1685 verbum

280 1697 459 1739 bonum:
478 1698 501 1723 *
523 1698 622 1740 dico
649 1711 731 1749 ego
758 1701 893 1751 opera
916 1713 1014 1742 mea

186 1754 288 1805 regi.

238 1811 406 1862 Lingua
437 1824 535 1853 mea
563 1812 755 1854 calamus
784 1812 956 1863 scribae,
989 1814 1012 1839 *

188 1867 397 1910 velociter
425 1868 665 1910 scribentis.

239 1924 473 1977 Speciosus
507 1924 647 1966 forma
678 1938 772 1978 prae
803 1925 903 1967 filiis
938 1926 1011 1968 ho-

187 1981 360 2031 minum,
389 1981 546 2022 diffusa
574 1987 640 2023 est
660 1982 801 2033 gratia
818 1983 862 2023 in
885 1983 1012 2024 labiis

188 2037 288 2078 tuis:
301 2038 571 2090 *propterea
592 2038 816 2081 benedixit
831 2044 875 2081 te
891 2040 1011 2082 Deus

187 2093 231 2134 in
259 2095 479 2136 aeternum.

239 2150 482 2201 Accingere
509 2150 655 2201 gladio
689 2156 765 2193 tuo
794 2165 926 2205 super
953 2153 1010 2195 fe—

187 2220 284 2247 mur
310 2212 444 2256 tuum,
471 2208 494 2233 *
522 2208 834 2259 potentissime,

238 2264 393 2316 Specie
419 2269 494 2305 tua
518 2269 561 2305 et
587 2264 909 2316 pulchritudine
936 2271 1012 2308 tua

187 2320 210 2346 *
246 2319 438 2370 intende,
473 2322 686 2373 prospere
723 2322 930 2373 procede,
968 2328 1012 2365 et

187 2389 330 2427 regna.

238 2434 425 2486 Propter
444 2433 683 2483 veritatem,
704 2439 748 2475 et
765 2439 1009 2478 mansuetu-

187 2490 342 2539 dinem,
371 2495 414 2531 et
443 2490 661 2541 justitiam:
694 2491 717 2515 *
750 2496 793 2532 et
821 2491 1010 2535 deducet

185 2552 229 2588 te
257 2546 510 2588 mirabiliter
538 2546 719 2587 dextera
746 2552 831 2588 tua.

238 2603 416 2653 Sagittae
451 2608 539 2644 tuae
566 2605 721 2652 acutae,
747 2604 900 2656 populi
928 2605 1008 2646 sub

185 2665 228 2702 te
258 2659 425 2709 cadent,
453 2660 475 2685 *
503 2659 547 2700 in
575 2658 709 2701 corda
736 2660 1009 2703 inimicorum

186 2729 311 2768 regis.

238 2772 374 2815 Sedes
393 2777 467 2814 tua
486 2772 605 2814 Deus
632 2772 676 2813 in
699 2772 906 2815 saeculum
931 2775 1007 2814 sae-

1073 337 1173 378 culi:
1200 338 1224 363 *
1251 338 1374 390 virga
1401 339 1652 382 directionis
1683 341 1805 393 virga
1832 355 1896 384 re-

1071 394 1144 444 gni
1170 394 1243 436 tui.

1122 451 1324 494 Dilexisti
1349 452 1564 504 justitiam,
1593 458 1637 495 et
1664 453 1832 496 odIsti
1821 455 1896 495 1ni-

1073 508 1298 559 quitatem:
1308 509 1332 534 *
1342 510 1578 561 propterea
1589 510 1712 552 unxit
1720 515 1764 553 te
1775 511 1895 553 Deus

1070 564 1190 606 Deus
1218 570 1317 607 tuus
1353 565 1451 607 oleo
1479 565 1643 608 laetitiae
1675 580 1768 620 prae
1796 580 1895 610 eon-

1071 621 1261 663 sortibus
1288 622 1384 664 tuis.

1123 677 1310 730 Myrrha,
1339 684 1382 721 et
1409 683 1542 730 gutta,
1571 684 1615 721 et
1642 679 1760 720 casia
1782 692 1808 721 a
1825 692 1895 721 ve-

1071 734 1283 777 stimentis
1303 736 1400 784 tuis,
1418 748 1443 776 a
1459 735 1660 777 domibus
1680 735 1897 778 eburneis:

1070 792 1093 817 *
1111 804 1165 833 ex
1194 792 1349 844 quibus
1370 793 1697 835 delectaverunt
1720 797 1766 834 te
1794 792 1895 834 filiae

1070 861 1221 899 regum
1248 849 1291 889 in
1318 849 1486 891 honore
1513 855 1601 891 tuo.

1121 905 1272 947 Astitit
1304 908 1454 957 regina
1487 919 1511 947 a
1540 906 1705 948 dextris
1739 906 1824 948 tuis
1851 906 1895 947 in

1070 964 1229 1004 vestitu
1248 962 1474 1004 deaurato:
1492 964 1516 988 ¹⁸¹
1536 962 1804 1004 circumdata
1824 976 1894 1004 va-

1069 1018 1234 1060 rietate.

1122 1074 1238 1117 Audi
1260 1075 1359 1125 filia,
1382 1080 1425 1117 et
1444 1075 1554 1125 vide,
1576 1081 1619 1118 et
1642 1075 1800 1117 inclina
1823 1089 1894 1118 au-

1068 1144 1161 1173 rem
1178 1136 1312 1174 tuam:
1305 1132 1346 1158 ·*
1357 1137 1400 1174 et
1411 1132 1670 1174 obliviscere
1682 1132 1894 1185 populum

1068 1194 1201 1238 tuum,
1230 1194 1274 1231 et
1301 1188 1479 1230 domum
1506 1189 1643 1242 patris
1670 1189 1744 1231 tui.

1119 1245 1176 1287 Et
1191 1248 1471 1298 concupiscet
1489 1246 1587 1288 Rex
1607 1245 1812 1288 decorem
1830 1250 1893 1288 tu-

1067 1315 1154 1343 um:
1182 1302 1205 1328 *
1235 1302 1439 1355 queniam
1466 1302 1560 1355 ipse
1588 1307 1655 1344 est
1680 1302 1894 1344 Dominus

1068 1359 1188 1400 Deus
1215 1363 1326 1408 tuus,
1355 1363 1399 1401 et
1426 1358 1673 1401 adorabunt
1701 1371 1810 1401 eum.

1119 1416 1176 1458 Et
1191 1415 1294 1469 filiae
1313 1416 1419 1469 Tyri
1439 1416 1483 1457 in
1500 1415 1752 1458 muneribus
1765 1416 1789 1442 *
1804 1415 1893 1457 vul-

1066 1477 1159 1514 tum
1191 1478 1314 1514 tuum
1339 1472 1708 1526 deprecabuntur:
1742 1485 1893 1514 omnes

1068 1528 1224 1581 divites
1252 1529 1405 1582 plebis.

1120 1586 1271 1627 Omnis
1289 1586 1428 1637 gloria
1449 1587 1539 1638 ejus
1563 1585 1664 1627 filiae
1683 1585 1818 1636 Regis
1837 1584 1892 1627 ab

1066 1642 1192 1692 intus,
1218 1643 1241 1668 *
1265 1643 1309 1683 in
1334 1642 1516 1684 fimbriis
1541 1642 1684 1684 aureis
1713 1642 1892 1684 circum-

1066 1701 1224 1741 amicta
1251 1698 1545 1741 varietatibus.

1117 1755 1405 1797 Adducentur
1432 1755 1544 1806 Regi
1569 1755 1758 1807 virgines
1789 1759 1893 1807 post

1065 1825 1176 1854 eam:
1186 1812 1209 1838 *
1219 1812 1433 1865 proximae
1449 1812 1539 1864 ejus
1555 1811 1788 1854 afferentur
1802 1810 1892 1853 tibi.

1117 1868 1367 1910 Afferentur
1393 1869 1437 1909 in
1456 1868 1608 1910 laetitia
1636 1873 1680 1910 et
1705 1867 1890 1910 exsulta-

1063 1925 1196 1967 tione:
1231 1926 1254 1951 *
1288 1924 1560 1967 adducentur
1598 1925 1643 1966 in
1677 1924 1888 1977 templum

1063 1983 1209 2033 Regis.

1115 2039 1203 2081 Pro
1231 2039 1429 2092 patribus
1456 2038 1542 2081 tuis
1567 2038 1657 2080 nati
1684 2042 1784 2079 sunt
1810 2036 1889 2079 tibi

1063 2095 1156 2137 filii:
1174 2096 1198 2121 *
1217 2097 1456 2137 constitues
1477 2107 1554 2136 eos
1578 2094 1798 2147 principes
1821 2106 1887 2135 su-

1064 2164 1144 2205 per
1172 2164 1345 2193 omnem
1371 2157 1545 2194 terram.

1115 2208 1334 2250 Memores
1372 2213 1498 2250 erunt
1533 2206 1719 2248 nominis
1755 2206 1836 2248 tui:
1864 2206 1887 2231 '⁸‘

1064 2265 1107 2306 in
1133 2265 1250 2306 omni
1273 2264 1554 2315 generatione
1580 2268 1624 2306 et
1647 2262 1887 2314 generatio-

1062 2334 1172 2363 nem.

1113 2377 1356 2430 Propterea
1382 2376 1535 2430 populi
1563 2375 1886 2418 confitebuntur

1061 2433 1141 2476 tibi
1167 2434 1211 2475 in
1239 2436 1465 2476 aeternum:
1488 2433 1511 2458 *
1536 2438 1580 2474 et
1606 2433 1650 2473 in
1677 2431 1886 2474 saeculum

1061 2490 1220 2532 saeculi.

1116 2547 1214 2586 A.nt
1245 2546 1421 2588 Relictis
1446 2545 1611 2587 retibus
1630 2545 1730 2596 suis,
1748 2545 1886 2588 secuti

1063 2607 1164 2645 sunt
1181 2603 1417 2644 Dominum
1435 2602 1791 2668 Redemptorem.

1117 2654 1165 2706 V.
1188 2661 1239 2701 In
1267 2672 1441 2701 omnem
1468 2665 1631 2702 terram
1657 2659 1791 2702 exivit
1815 2671 1883 2701 so-

1059 2730 1141 2759 nus
1175 2718 1337 2758 eorum.
1383 2716 1432 2766 R
1459 2717 1517 2758 Et
1548 2717 1592 2758 in
1623 2716 1734 2759 fines
1764 2715 1883 2758 orbis

1059 2779 1190 2817 terrae
1207 2773 1342 2816 verba
1362 2775 1522 2817 eorum.
