<?xml version="1.0" encoding="UTF-8"?>
<!DOCTYPE html PUBLIC "-//W3C//DTD XHTML 1.0 Transitional//EN"
    "http://www.w3.org/TR/xhtml1/DTD/xhtml1-transitional.dtd">
<html xmlns="http://www.w3.org/1999/xhtml" xml:lang="en" lang="en">
 <head>
  <title>
</title>
<meta http-equiv="Content-Type" content="text/html;charset=utf-8" />
  <meta name='ocr-system' content='tesseract 3.04.00' />
  <meta name='ocr-capabilities' content='ocr_page ocr_carea ocr_par ocr_line ocrx_word'/>
</head>
<body>
  <div class='ocr_page' id='page_1' title='image "./p1breviariumroma00cathuoft_0194.png"; bbox 0 0 2040 2990; ppageno 0'>
   <div class='ocr_carea' id='block_1_1' title="bbox 178 182 248 218">
    <p class='ocr_par' dir='ltr' id='par_1_1' title="bbox 178 182 248 218">
     <span class='ocr_line' id='line_1_1' title="bbox 178 182 248 218; baseline 0.029 -2"><span class='ocrx_word' id='word_1_1' title='bbox 178 182 248 218; x_wconf 89' lang='lat'>140</span> 
     </span>
    </p>
   </div>
   <div class='ocr_carea' id='block_1_2' title="bbox 175 274 1006 662">
    <p class='ocr_par' dir='ltr' id='par_1_2' title="bbox 175 274 1006 662">
     <span class='ocr_line' id='line_1_2' title="bbox 176 274 1006 329; baseline -0.002 -10"><span class='ocrx_word' id='word_1_2' title='bbox 176 291 272 319; x_wconf 92' lang='lat' dir='ltr'>rum</span> <span class='ocrx_word' id='word_1_3' title='bbox 294 278 397 329; x_wconf 90' lang='lat' dir='ltr'>ejus:</span> <span class='ocrx_word' id='word_1_4' title='bbox 427 279 471 317; x_wconf 91' lang='lat' dir='ltr'>et</span> <span class='ocrx_word' id='word_1_5' title='bbox 494 274 663 328; x_wconf 88' lang='lat' dir='ltr'>repleta</span> <span class='ocrx_word' id='word_1_6' title='bbox 688 281 754 317; x_wconf 88' lang='lat' dir='ltr'>est</span> <span class='ocrx_word' id='word_1_7' title='bbox 778 281 897 317; x_wconf 88' lang='lat' dir='ltr'>terra</span> <span class='ocrx_word' id='word_1_8' title='bbox 916 277 1006 326; x_wconf 87' lang='lat' dir='ltr'>ejus</span> 
     </span>
     <span class='ocr_line' id='line_1_3' title="bbox 178 330 1005 386; baseline -0.005 -10"><span class='ocrx_word' id='word_1_9' title='bbox 178 334 316 386; x_wconf 84' lang='lat' dir='ltr'>equis:</span> <span class='ocrx_word' id='word_1_10' title='bbox 347 336 390 373; x_wconf 91' lang='lat' dir='ltr'>et</span> <span class='ocrx_word' id='word_1_11' title='bbox 414 330 753 373; x_wconf 87' lang='lat' dir='ltr'>innumerabiles</span> <span class='ocrx_word' id='word_1_12' title='bbox 781 331 1005 384; x_wconf 85' lang='lat' dir='ltr'>quadrigae</span> 
     </span>
     <span class='ocr_line' id='line_1_4' title="bbox 178 387 1005 441; baseline -0.002 -10"><span class='ocrx_word' id='word_1_13' title='bbox 178 390 277 441; x_wconf 90' lang='lat' dir='ltr'>ejus.</span> <span class='ocrx_word' id='word_1_14' title='bbox 310 389 367 429; x_wconf 88' lang='lat' dir='ltr'>Et</span> <span class='ocrx_word' id='word_1_15' title='bbox 390 387 559 439; x_wconf 88' lang='lat' dir='ltr'>repleta</span> <span class='ocrx_word' id='word_1_16' title='bbox 584 392 650 429; x_wconf 91' lang='lat' dir='ltr'>est</span> <span class='ocrx_word' id='word_1_17' title='bbox 668 393 785 429; x_wconf 92' lang='lat' dir='ltr'>terra</span> <span class='ocrx_word' id='word_1_18' title='bbox 805 389 895 440; x_wconf 91' lang='lat' dir='ltr'>ejus</span> <span class='ocrx_word' id='word_1_19' title='bbox 914 387 1005 429; x_wconf 80' lang='lat' dir='ltr'>ido-</span> 
     </span>
     <span class='ocr_line' id='line_1_5' title="bbox 176 444 1005 496; baseline -0.002 -10"><span class='ocrx_word' id='word_1_20' title='bbox 176 446 242 486; x_wconf 90' lang='lat' dir='ltr'>lis:</span> <span class='ocrx_word' id='word_1_21' title='bbox 273 457 385 496; x_wconf 93' lang='lat' dir='ltr'>opus</span> <span class='ocrx_word' id='word_1_22' title='bbox 413 446 620 485; x_wconf 86' lang='lat' dir='ltr'>manuum</span> <span class='ocrx_word' id='word_1_23' title='bbox 649 446 827 485; x_wconf 90' lang='lat' dir='ltr'>suarum</span> <span class='ocrx_word' id='word_1_24' title='bbox 853 444 1005 485; x_wconf 91' lang='lat' dir='ltr'>adora-</span> 
     </span>
     <span class='ocr_line' id='line_1_6' title="bbox 176 499 1005 552; baseline -0.004 -10"><span class='ocrx_word' id='word_1_25' title='bbox 176 502 339 550; x_wconf 85' lang='lat' dir='ltr'>verunt,</span> <span class='ocrx_word' id='word_1_26' title='bbox 359 499 479 552; x_wconf 93' lang='lat' dir='ltr'>quod</span> <span class='ocrx_word' id='word_1_27' title='bbox 493 499 690 541; x_wconf 79' lang='lat' dir='ltr'>fecerunt</span> <span class='ocrx_word' id='word_1_28' title='bbox 704 499 828 551; x_wconf 83' lang='lat' dir='ltr'>digiti</span> <span class='ocrx_word' id='word_1_29' title='bbox 842 502 1005 540; x_wconf 81' lang='lat' dir='ltr'>eorum.</span> 
     </span>
     <span class='ocr_line' id='line_1_7' title="bbox 176 555 1005 605; baseline -0.002 -8"><span class='ocrx_word' id='word_1_30' title='bbox 176 558 231 597; x_wconf 89' lang='lat' dir='ltr'>Et</span> <span class='ocrx_word' id='word_1_31' title='bbox 250 555 495 597; x_wconf 85' lang='lat' dir='ltr'>incurvavit</span> <span class='ocrx_word' id='word_1_32' title='bbox 515 568 562 597; x_wconf 90' lang='lat' dir='ltr'>se</span> <span class='ocrx_word' id='word_1_33' title='bbox 581 555 726 605; x_wconf 86' lang='lat' dir='ltr'>homo,</span> <span class='ocrx_word' id='word_1_34' title='bbox 749 561 792 597; x_wconf 92' lang='lat' dir='ltr'>et</span> <span class='ocrx_word' id='word_1_35' title='bbox 810 555 1005 596; x_wconf 86' lang='lat' dir='ltr'>humilia-</span> 
     </span>
     <span class='ocr_line' id='line_1_8' title="bbox 175 610 940 662; baseline -0.003 -8"><span class='ocrx_word' id='word_1_36' title='bbox 175 618 246 654; x_wconf 89' lang='lat' dir='ltr'>tus</span> <span class='ocrx_word' id='word_1_37' title='bbox 267 616 334 653; x_wconf 89' lang='lat' dir='ltr'>est</span> <span class='ocrx_word' id='word_1_38' title='bbox 353 626 379 652; x_wconf 85' lang='lat' dir='ltr'>v</span> <span class='ocrx_word' id='word_1_39' title='bbox 382 612 432 652; x_wconf 92' lang='lat' dir='ltr'>ir:</span> <span class='ocrx_word' id='word_1_40' title='bbox 451 624 506 653; x_wconf 91' lang='lat' dir='ltr'>ne</span> <span class='ocrx_word' id='word_1_41' title='bbox 526 624 631 662; x_wconf 88' lang='lat' dir='ltr'>ergo</span> <span class='ocrx_word' id='word_1_42' title='bbox 653 610 845 653; x_wconf 83' lang='lat' dir='ltr'>dimittas</span> <span class='ocrx_word' id='word_1_43' title='bbox 867 611 940 652; x_wconf 91' lang='lat' dir='ltr'>eis.</span> 
     </span>
    </p>
   </div>
   <div class='ocr_carea' id='block_1_3' title="bbox 173 675 1006 1056">
    <p class='ocr_par' dir='ltr' id='par_1_3' title="bbox 173 675 1006 1056">
     <span class='ocr_line' id='line_1_9' title="bbox 223 675 1005 726; baseline -0.004 -6"><span class='ocrx_word' id='word_1_44' title='bbox 223 681 274 720; x_wconf 87' lang='lat' dir='ltr'>R.</span> <span class='ocrx_word' id='word_1_45' title='bbox 311 677 427 717; x_wconf 91' lang='lat' dir='ltr'>Ecce</span> <span class='ocrx_word' id='word_1_46' title='bbox 460 675 515 717; x_wconf 90' lang='lat' dir='ltr'>ab</span> <span class='ocrx_word' id='word_1_47' title='bbox 544 676 710 718; x_wconf 87' lang='lat' dir='ltr'><strong>Austro</strong></span> <span class='ocrx_word' id='word_1_48' title='bbox 743 676 888 725; x_wconf 85' lang='lat' dir='ltr'>venio,</span> <span class='ocrx_word' id='word_1_49' title='bbox 923 688 1005 726; x_wconf 86' lang='lat' dir='ltr'>ego</span> 
     </span>
     <span class='ocr_line' id='line_1_10' title="bbox 175 732 1005 781; baseline -0.001 -7"><span class='ocrx_word' id='word_1_50' title='bbox 175 733 390 774; x_wconf 81' lang='lat' dir='ltr'>Dominus</span> <span class='ocrx_word' id='word_1_51' title='bbox 419 732 540 773; x_wconf 91' lang='lat' dir='ltr'>Deus</span> <span class='ocrx_word' id='word_1_52' title='bbox 569 737 733 781; x_wconf 86' lang='lat' dir='ltr'>vester,</span> <span class='ocrx_word' id='word_1_53' title='bbox 755 733 778 758; x_wconf 86' lang='lat'>*</span> <span class='ocrx_word' id='word_1_54' title='bbox 811 732 1005 773; x_wconf 87' lang='lat' dir='ltr'>Visitare</span> 
     </span>
     <span class='ocr_line' id='line_1_11' title="bbox 176 764 1006 841; baseline -0.002 -11"><span class='ocrx_word' id='word_1_55' title='bbox 176 802 256 831; x_wconf 89' lang='lat' dir='ltr'>vos</span> <span class='ocrx_word' id='word_1_56' title='bbox 278 789 322 829; x_wconf 91' lang='lat' dir='ltr'>in</span> <span class='ocrx_word' id='word_1_57' title='bbox 346 801 468 841; x_wconf 89' lang='lat' dir='ltr'>pace.</span> <span class='ocrx_word' id='word_1_58' title='bbox 499 786 549 836; x_wconf 94' lang='lat' dir='ltr'>Y.</span> <span class='ocrx_word' id='word_1_59' title='bbox 581 764 805 840; x_wconf 81' lang='lat' dir='ltr'>Aspiciam</span> <span class='ocrx_word' id='word_1_60' title='bbox 831 800 928 837; x_wconf 90' lang='lat' dir='ltr'>vos,</span> <span class='ocrx_word' id='word_1_61' title='bbox 963 792 1006 828; x_wconf 89' lang='lat' dir='ltr'>et</span> 
     </span>
     <span class='ocr_line' id='line_1_12' title="bbox 175 843 1006 896; baseline -0.002 -10"><span class='ocrx_word' id='word_1_62' title='bbox 175 847 374 886; x_wconf 89' lang='lat' dir='ltr'>crescere</span> <span class='ocrx_word' id='word_1_63' title='bbox 403 845 574 886; x_wconf 86' lang='lat' dir='ltr'>faciam:</span> <span class='ocrx_word' id='word_1_64' title='bbox 602 843 1006 896; x_wconf 82' lang='lat' dir='ltr'>multiplicabimini,</span> 
     </span>
     <span class='ocr_line' id='line_1_13' title="bbox 176 899 1006 958; baseline -0.002 -16"><span class='ocrx_word' id='word_1_65' title='bbox 176 907 219 958; x_wconf 88' lang='lat' dir='ltr'>et</span> <span class='ocrx_word' id='word_1_66' title='bbox 254 901 438 942; x_wconf 86' lang='lat' dir='ltr'>firmabo</span> <span class='ocrx_word' id='word_1_67' title='bbox 470 905 649 953; x_wconf 88' lang='lat' dir='ltr'>pactum</span> <span class='ocrx_word' id='word_1_68' title='bbox 684 913 830 941; x_wconf 91' lang='lat' dir='ltr'>meum</span> <span class='ocrx_word' id='word_1_69' title='bbox 862 899 1006 941; x_wconf 84' lang='lat' dir='ltr'>vobis-</span> 
     </span>
     <span class='ocr_line' id='line_1_14' title="bbox 176 956 1004 999; baseline -0.004 0"><span class='ocrx_word' id='word_1_70' title='bbox 176 971 286 999; x_wconf 93' lang='lat' dir='ltr'>cum.</span> <span class='ocrx_word' id='word_1_71' title='bbox 318 957 522 999; x_wconf 89' lang='lat' dir='ltr'>Visitare.</span> <span class='ocrx_word' id='word_1_72' title='bbox 552 956 707 998; x_wconf 80' lang='lat' dir='ltr'>Gloria</span> <span class='ocrx_word' id='word_1_73' title='bbox 726 956 856 998; x_wconf 90' lang='lat' dir='ltr'>Patri.</span> <span class='ocrx_word' id='word_1_74' title='bbox 891 956 1004 997; x_wconf 92' lang='lat' dir='ltr'>Visi-</span> 
     </span>
     <span class='ocr_line' id='line_1_15' title="bbox 173 1016 279 1056; baseline 0 -1"><span class='ocrx_word' id='word_1_75' title='bbox 173 1016 279 1056; x_wconf 87' lang='lat' dir='ltr'>tare.</span> 
     </span>
    </p>
   </div>
   <div class='ocr_carea' id='block_1_4' title="bbox 173 1078 1006 1476">
    <p class='ocr_par' dir='ltr' id='par_1_4' title="bbox 175 1078 1005 1299">
     <span class='ocr_line' id='line_1_16' title="bbox 223 1078 1003 1129; baseline -0.005 -8"><span class='ocrx_word' id='word_1_76' title='bbox 223 1081 294 1122; x_wconf 80' lang='lat' dir='ltr'>Ad</span> <span class='ocrx_word' id='word_1_77' title='bbox 317 1079 476 1120; x_wconf 85' lang='lat' dir='ltr'>Bencd.</span> <span class='ocrx_word' id='word_1_78' title='bbox 504 1080 605 1119; x_wconf 80' lang='lat' dir='ltr'>Ant.</span> <span class='ocrx_word' id='word_1_79' title='bbox 631 1078 885 1129; x_wconf 79' lang='lat' dir='ltr'><strong>Antequam</strong></span> <span class='ocrx_word' id='word_1_80' title='bbox 905 1089 1003 1118; x_wconf 89' lang='lat' dir='ltr'>con-</span> 
     </span>
     <span class='ocr_line' id='line_1_17' title="bbox 175 1133 1005 1184; baseline -0.005 -7"><span class='ocrx_word' id='word_1_81' title='bbox 175 1138 390 1184; x_wconf 85' lang='lat' dir='ltr'>venirent,</span> <span class='ocrx_word' id='word_1_82' title='bbox 416 1135 439 1161; x_wconf 86' lang='lat'>*</span> <span class='ocrx_word' id='word_1_83' title='bbox 466 1134 643 1175; x_wconf 86' lang='lat' dir='ltr'>inventa</span> <span class='ocrx_word' id='word_1_84' title='bbox 673 1138 741 1175; x_wconf 93' lang='lat' dir='ltr'>est</span> <span class='ocrx_word' id='word_1_85' title='bbox 768 1133 906 1174; x_wconf 89' lang='lat' dir='ltr'>Maria</span> <span class='ocrx_word' id='word_1_86' title='bbox 933 1133 1005 1174; x_wconf 91' lang='lat' dir='ltr'>ha-</span> 
     </span>
     <span class='ocr_line' id='line_1_18' title="bbox 175 1189 1005 1242; baseline -0.002 -10"><span class='ocrx_word' id='word_1_87' title='bbox 175 1192 283 1242; x_wconf 86' lang='lat' dir='ltr'>bens</span> <span class='ocrx_word' id='word_1_88' title='bbox 302 1191 346 1232; x_wconf 94' lang='lat' dir='ltr'>in</span> <span class='ocrx_word' id='word_1_89' title='bbox 363 1194 489 1232; x_wconf 92' lang='lat' dir='ltr'>utero</span> <span class='ocrx_word' id='word_1_90' title='bbox 510 1190 565 1232; x_wconf 90' lang='lat' dir='ltr'>de</span> <span class='ocrx_word' id='word_1_91' title='bbox 580 1190 746 1242; x_wconf 88' lang='lat' dir='ltr'>Spiritu</span> <span class='ocrx_word' id='word_1_92' title='bbox 765 1194 928 1239; x_wconf 89' lang='lat' dir='ltr'>sancto,</span> <span class='ocrx_word' id='word_1_93' title='bbox 949 1189 1005 1230; x_wconf 89' lang='lat' dir='ltr'>al-</span> 
     </span>
     <span class='ocr_line' id='line_1_19' title="bbox 175 1248 313 1299; baseline -0.007 -11"><span class='ocrx_word' id='word_1_94' title='bbox 175 1248 313 1299; x_wconf 90' lang='lat' dir='ltr'>leluja.</span> 
     </span>
    </p>

    <p class='ocr_par' dir='ltr' id='par_1_5' title="bbox 173 1311 1006 1476">
     <span class='ocr_line' id='line_1_20' title="bbox 226 1311 1006 1361; baseline -0.001 -9"><span class='ocrx_word' id='word_1_95' title='bbox 226 1312 296 1353; x_wconf 78' lang='lat' dir='ltr'>Ad</span> <span class='ocrx_word' id='word_1_96' title='bbox 316 1311 489 1361; x_wconf 81' lang='lat' dir='ltr'>Magnis.</span> <span class='ocrx_word' id='word_1_97' title='bbox 518 1312 617 1351; x_wconf 80' lang='lat' dir='ltr'>Ant.</span> <span class='ocrx_word' id='word_1_98' title='bbox 645 1312 839 1361; x_wconf 73' lang='lat' dir='ltr'>Quaerite</span> <span class='ocrx_word' id='word_1_99' title='bbox 857 1311 1006 1352; x_wconf 72' lang='lat' dir='ltr'>Demi-</span> 
     </span>
     <span class='ocr_line' id='line_1_21' title="bbox 173 1367 1006 1420; baseline -0.002 -11"><span class='ocrx_word' id='word_1_100' title='bbox 173 1382 294 1418; x_wconf 89' lang='lat' dir='ltr'>num,</span> <span class='ocrx_word' id='word_1_101' title='bbox 313 1368 337 1394; x_wconf 85' lang='lat'>*</span> <span class='ocrx_word' id='word_1_102' title='bbox 359 1367 463 1409; x_wconf 94' lang='lat' dir='ltr'>dum</span> <span class='ocrx_word' id='word_1_103' title='bbox 488 1367 671 1409; x_wconf 91' lang='lat' dir='ltr'>inveniri</span> <span class='ocrx_word' id='word_1_104' title='bbox 696 1372 859 1420; x_wconf 89' lang='lat' dir='ltr'>potest:</span> <span class='ocrx_word' id='word_1_105' title='bbox 888 1367 1006 1408; x_wconf 87' lang='lat' dir='ltr'>invo-</span> 
     </span>
     <span class='ocr_line' id='line_1_22' title="bbox 176 1423 1006 1476; baseline -0.004 -10"><span class='ocrx_word' id='word_1_106' title='bbox 176 1427 273 1467; x_wconf 87' lang='lat' dir='ltr'>cate</span> <span class='ocrx_word' id='word_1_107' title='bbox 295 1437 408 1474; x_wconf 91' lang='lat' dir='ltr'>eum,</span> <span class='ocrx_word' id='word_1_108' title='bbox 434 1423 537 1465; x_wconf 92' lang='lat' dir='ltr'>dum</span> <span class='ocrx_word' id='word_1_109' title='bbox 556 1436 697 1476; x_wconf 81' lang='lat' dir='ltr'>prope</span> <span class='ocrx_word' id='word_1_110' title='bbox 718 1428 799 1474; x_wconf 89' lang='lat' dir='ltr'>est,</span> <span class='ocrx_word' id='word_1_111' title='bbox 824 1423 1006 1475; x_wconf 90' lang='lat' dir='ltr'>alleluja.</span> 
     </span>
    </p>
   </div>
   <div class='ocr_carea' id='block_1_5' title="bbox 173 1539 1005 2435">
    <p class='ocr_par' dir='ltr' id='par_1_6' title="bbox 173 1539 1005 2435">
     <span class='ocr_line' id='line_1_23' title="bbox 371 1539 806 1586; baseline 0 -11"><span class='ocrx_word' id='word_1_112' title='bbox 371 1539 543 1576; x_wconf 88' lang='lat' dir='ltr'>Feria</span> <span class='ocrx_word' id='word_1_113' title='bbox 579 1539 806 1586; x_wconf 87' lang='lat' dir='ltr'>Quarta.</span> 
     </span>
     <span class='ocr_line' id='line_1_24' title="bbox 345 1594 830 1647; baseline 0.002 -12"><span class='ocrx_word' id='word_1_114' title='bbox 345 1597 415 1636; x_wconf 90' lang='lat' dir='ltr'>De</span> <span class='ocrx_word' id='word_1_115' title='bbox 447 1595 563 1635; x_wconf 88' lang='lat' dir='ltr'>Isaia</span> <span class='ocrx_word' id='word_1_116' title='bbox 596 1594 830 1647; x_wconf 89' lang='lat' dir='ltr'>Propheta.</span> 
     </span>
     <span class='ocr_line' id='line_1_25' title="bbox 280 1660 896 1712; baseline 0 -13"><span class='ocrx_word' id='word_1_117' title='bbox 280 1661 432 1700; x_wconf 79' lang='lat' dir='ltr'>Lectio</span> <span class='ocrx_word' id='word_1_118' title='bbox 453 1660 476 1699; x_wconf 89' lang='lat' dir='ltr'>i.</span> <span class='ocrx_word' id='word_1_119' title='bbox 739 1661 840 1712; x_wconf 85' lang='lat' dir='ltr'>Cap.</span> <span class='ocrx_word' id='word_1_120' title='bbox 860 1662 896 1699; x_wconf 84' lang='lat'>3.</span> 
     </span>
     <span class='ocr_line' id='line_1_26' title="bbox 187 1724 1005 1807; baseline -0.002 -40"><span class='ocrx_word' id='word_1_121' title='bbox 187 1739 254 1807; x_wconf 45' lang='grc' dir='ltr'>Γῆ»)</span> <span class='ocrx_word' id='word_1_122' title='bbox 264 1739 339 1767; x_wconf 93' lang='lat' dir='ltr'>cce</span> <span class='ocrx_word' id='word_1_123' title='bbox 367 1725 482 1767; x_wconf 91' lang='lat' dir='ltr'>enim</span> <span class='ocrx_word' id='word_1_124' title='bbox 504 1724 766 1765; x_wconf 90' lang='lat' dir='ltr'>Dominator</span> <span class='ocrx_word' id='word_1_125' title='bbox 791 1724 1005 1765; x_wconf 83' lang='lat' dir='ltr'>Dominus</span> 
     </span>
     <span class='ocr_line' id='line_1_27' title="bbox 186 1780 1004 1824; baseline 0 -3"><span class='ocrx_word' id='word_1_126' title='bbox 186 1786 252 1821; x_wconf 49' lang='lat'>22:22</span> <span class='ocrx_word' id='word_1_127' title='bbox 281 1784 551 1824; x_wconf 82' lang='lat' dir='ltr'>exercituum</span> <span class='ocrx_word' id='word_1_128' title='bbox 584 1781 752 1822; x_wconf 81' lang='lat' dir='ltr'>auferet</span> <span class='ocrx_word' id='word_1_129' title='bbox 785 1793 809 1820; x_wconf 93' lang='lat' dir='ltr'>a</span> <span class='ocrx_word' id='word_1_130' title='bbox 833 1780 1004 1821; x_wconf 88' lang='lat' dir='ltr'>Jerusa—</span> 
     </span>
     <span class='ocr_line' id='line_1_28' title="bbox 173 1836 1005 1886; baseline -0.002 -7"><span class='ocrx_word' id='word_1_131' title='bbox 173 1838 260 1880; x_wconf 90' lang='lat' dir='ltr'>lem</span> <span class='ocrx_word' id='word_1_132' title='bbox 287 1843 331 1880; x_wconf 90' lang='lat' dir='ltr'>et</span> <span class='ocrx_word' id='word_1_133' title='bbox 357 1850 382 1879; x_wconf 92' lang='lat' dir='ltr'>a</span> <span class='ocrx_word' id='word_1_134' title='bbox 406 1838 430 1878; x_wconf 87' lang='lat' dir='ltr'><strong>J</strong></span> <span class='ocrx_word' id='word_1_135' title='bbox 433 1837 520 1879; x_wconf 89' lang='lat' dir='ltr'>uda</span> <span class='ocrx_word' id='word_1_136' title='bbox 545 1836 740 1878; x_wconf 89' lang='lat' dir='ltr'>validum</span> <span class='ocrx_word' id='word_1_137' title='bbox 769 1841 812 1879; x_wconf 93' lang='lat' dir='ltr'>et</span> <span class='ocrx_word' id='word_1_138' title='bbox 836 1837 1005 1886; x_wconf 89' lang='lat' dir='ltr'>fortem,</span> 
     </span>
     <span class='ocr_line' id='line_1_29' title="bbox 174 1892 1004 1945; baseline -0.002 -10"><span class='ocrx_word' id='word_1_139' title='bbox 174 1907 302 1935; x_wconf 91' lang='lat' dir='ltr'>omne</span> <span class='ocrx_word' id='word_1_140' title='bbox 322 1894 456 1935; x_wconf 92' lang='lat' dir='ltr'>robur</span> <span class='ocrx_word' id='word_1_141' title='bbox 475 1893 617 1945; x_wconf 84' lang='lat' dir='ltr'>panis,</span> <span class='ocrx_word' id='word_1_142' title='bbox 646 1898 690 1934; x_wconf 92' lang='lat' dir='ltr'>et</span> <span class='ocrx_word' id='word_1_143' title='bbox 713 1906 843 1934; x_wconf 90' lang='lat' dir='ltr'>omne</span> <span class='ocrx_word' id='word_1_144' title='bbox 869 1892 1004 1934; x_wconf 91' lang='lat' dir='ltr'>robur</span> 
     </span>
     <span class='ocr_line' id='line_1_30' title="bbox 174 1949 1004 2002; baseline -0.001 -11"><span class='ocrx_word' id='word_1_145' title='bbox 174 1962 316 2002; x_wconf 82' lang='lat' dir='ltr'>aquae:</span> <span class='ocrx_word' id='word_1_146' title='bbox 336 1950 505 1998; x_wconf 88' lang='lat' dir='ltr'>fortem,</span> <span class='ocrx_word' id='word_1_147' title='bbox 521 1954 564 1991; x_wconf 91' lang='lat' dir='ltr'>et</span> <span class='ocrx_word' id='word_1_148' title='bbox 579 1949 720 1990; x_wconf 90' lang='lat' dir='ltr'>virum</span> <span class='ocrx_word' id='word_1_149' title='bbox 734 1949 1004 1998; x_wconf 82' lang='lat' dir='ltr'>bellatorem,</span> 
     </span>
     <span class='ocr_line' id='line_1_31' title="bbox 173 2004 1004 2057; baseline -0.002 -10"><span class='ocrx_word' id='word_1_150' title='bbox 173 2005 372 2057; x_wconf 90' lang='lat' dir='ltr'>judicem,</span> <span class='ocrx_word' id='word_1_151' title='bbox 393 2010 436 2047; x_wconf 93' lang='lat' dir='ltr'>et</span> <span class='ocrx_word' id='word_1_152' title='bbox 453 2004 725 2057; x_wconf 86' lang='lat' dir='ltr'>prophetam,</span> <span class='ocrx_word' id='word_1_153' title='bbox 746 2010 790 2046; x_wconf 90' lang='lat' dir='ltr'>et</span> <span class='ocrx_word' id='word_1_154' title='bbox 809 2004 1004 2054; x_wconf 90' lang='lat' dir='ltr'>ariolum,</span> 
     </span>
     <span class='ocr_line' id='line_1_32' title="bbox 175 2060 1003 2113; baseline -0.002 -10"><span class='ocrx_word' id='word_1_155' title='bbox 175 2067 218 2103; x_wconf 88' lang='lat' dir='ltr'>et</span> <span class='ocrx_word' id='word_1_156' title='bbox 247 2073 409 2102; x_wconf 89' lang='lat' dir='ltr'>senem:</span> <span class='ocrx_word' id='word_1_157' title='bbox 445 2060 689 2113; x_wconf 89' lang='lat' dir='ltr'>principem</span> <span class='ocrx_word' id='word_1_158' title='bbox 722 2074 852 2113; x_wconf 91' lang='lat' dir='ltr'>super</span> <span class='ocrx_word' id='word_1_159' title='bbox 885 2061 1003 2113; x_wconf 91' lang='lat' dir='ltr'>quin-</span> 
     </span>
     <span class='ocr_line' id='line_1_33' title="bbox 175 2116 1005 2169; baseline 0 -11"><span class='ocrx_word' id='word_1_160' title='bbox 175 2119 396 2169; x_wconf 86' lang='lat' dir='ltr'>quaginta,</span> <span class='ocrx_word' id='word_1_161' title='bbox 418 2121 461 2157; x_wconf 87' lang='lat' dir='ltr'>et</span> <span class='ocrx_word' id='word_1_162' title='bbox 479 2116 782 2158; x_wconf 79' lang='lat' dir='ltr'>honorabilem</span> <span class='ocrx_word' id='word_1_163' title='bbox 803 2117 941 2166; x_wconf 90' lang='lat' dir='ltr'>vultu,</span> <span class='ocrx_word' id='word_1_164' title='bbox 961 2121 1005 2158; x_wconf 89' lang='lat' dir='ltr'>et</span> 
     </span>
     <span class='ocr_line' id='line_1_34' title="bbox 175 2172 1003 2223; baseline 0 -10"><span class='ocrx_word' id='word_1_165' title='bbox 175 2172 485 2221; x_wconf 87' lang='lat' dir='ltr'>consiliarium,</span> <span class='ocrx_word' id='word_1_166' title='bbox 514 2177 557 2213; x_wconf 92' lang='lat' dir='ltr'>et</span> <span class='ocrx_word' id='word_1_167' title='bbox 586 2172 827 2223; x_wconf 74' lang='lat' dir='ltr'>sapientem</span> <span class='ocrx_word' id='word_1_168' title='bbox 855 2172 910 2214; x_wconf 92' lang='lat' dir='ltr'>de</span> <span class='ocrx_word' id='word_1_169' title='bbox 939 2186 1003 2213; x_wconf 93' lang='lat' dir='ltr'>ar-</span> 
     </span>
     <span class='ocr_line' id='line_1_35' title="bbox 174 2227 1002 2281; baseline 0 -12"><span class='ocrx_word' id='word_1_170' title='bbox 174 2228 384 2276; x_wconf 88' lang='lat' dir='ltr'>chitectis,</span> <span class='ocrx_word' id='word_1_171' title='bbox 404 2232 448 2268; x_wconf 90' lang='grc' dir='ltr'>θῖ</span> <span class='ocrx_word' id='word_1_172' title='bbox 462 2227 723 2279; x_wconf 80' lang='lat' dir='ltr'>prudentem</span> <span class='ocrx_word' id='word_1_173' title='bbox 738 2227 899 2279; x_wconf 74' lang='lat' dir='ltr'>elequii</span> <span class='ocrx_word' id='word_1_174' title='bbox 914 2231 1002 2281; x_wconf 73' lang='lat' dir='ltr'>my-</span> 
     </span>
     <span class='ocr_line' id='line_1_36' title="bbox 173 2282 1002 2336; baseline 0 -11"><span class='ocrx_word' id='word_1_175' title='bbox 173 2284 281 2325; x_wconf 85' lang='lat' dir='ltr'>stici.</span> <span class='ocrx_word' id='word_1_176' title='bbox 337 2283 394 2324; x_wconf 85' lang='lat' dir='ltr'>Et</span> <span class='ocrx_word' id='word_1_177' title='bbox 432 2282 547 2324; x_wconf 87' lang='lat' dir='ltr'>dabo</span> <span class='ocrx_word' id='word_1_178' title='bbox 583 2286 745 2334; x_wconf 92' lang='lat' dir='ltr'>pueros</span> <span class='ocrx_word' id='word_1_179' title='bbox 780 2284 1002 2336; x_wconf 85' lang='lat' dir='ltr'>principes</span> 
     </span>
     <span class='ocr_line' id='line_1_37' title="bbox 174 2338 1002 2387; baseline 0 -8"><span class='ocrx_word' id='word_1_180' title='bbox 174 2341 342 2387; x_wconf 75' lang='lat' dir='ltr'>eerum,</span> <span class='ocrx_word' id='word_1_181' title='bbox 375 2343 419 2380; x_wconf 90' lang='lat' dir='ltr'>et</span> <span class='ocrx_word' id='word_1_182' title='bbox 451 2338 687 2380; x_wconf 76' lang='lat' dir='ltr'>effeminati</span> <span class='ocrx_word' id='word_1_183' title='bbox 719 2338 1002 2381; x_wconf 90' lang='lat' dir='ltr'>dominabun-</span> 
     </span>
     <span class='ocr_line' id='line_1_38' title="bbox 173 2394 336 2435; baseline -0.007 0"><span class='ocrx_word' id='word_1_184' title='bbox 173 2398 243 2435; x_wconf 92' lang='lat' dir='ltr'>tur</span> <span class='ocrx_word' id='word_1_185' title='bbox 263 2394 336 2435; x_wconf 92' lang='lat' dir='ltr'>eis.</span> 
     </span>
    </p>
   </div>
   <div class='ocr_carea' id='block_1_6' title="bbox 173 2457 1002 2733">
    <p class='ocr_par' dir='ltr' id='par_1_7' title="bbox 228 2457 1002 2508">
     <span class='ocr_line' id='line_1_39' title="bbox 228 2457 1002 2508; baseline 0.003 -11"><span class='ocrx_word' id='word_1_186' title='bbox 228 2458 276 2507; x_wconf 76' lang='lat' dir='ltr'>R.</span> <span class='ocrx_word' id='word_1_187' title='bbox 280 2458 393 2499; x_wconf 78' lang='lat' dir='ltr'>‘Rex</span> <span class='ocrx_word' id='word_1_188' title='bbox 410 2462 560 2499; x_wconf 89' lang='lat' dir='ltr'>noster</span> <span class='ocrx_word' id='word_1_189' title='bbox 576 2457 660 2499; x_wconf 85' lang='lat' dir='ltr'>adv</span> <span class='ocrx_word' id='word_1_190' title='bbox 649 2458 778 2499; x_wconf 86' lang='lat' dir='ltr'>eniet</span> <span class='ocrx_word' id='word_1_191' title='bbox 792 2458 1002 2508; x_wconf 87' lang='lat' dir='ltr'>Christus,</span> 
     </span>
    </p>

    <p class='ocr_par' dir='ltr' id='par_1_8' title="bbox 174 2512 1002 2577">
     <span class='ocr_line' id='line_1_40' title="bbox 174 2512 1002 2577; baseline 0 -23"><span class='ocrx_word' id='word_1_192' title='bbox 174 2512 197 2536; x_wconf 91' lang='lat'>*</span> <span class='ocrx_word' id='word_1_193' title='bbox 207 2514 347 2563; x_wconf 89' lang='lat' dir='ltr'>Quem</span> <span class='ocrx_word' id='word_1_194' title='bbox 357 2514 381 2553; x_wconf 89' lang='lat' dir='ltr'>J</span> <span class='ocrx_word' id='word_1_195' title='bbox 385 2526 548 2554; x_wconf 91' lang='lat' dir='ltr'>oannes</span> <span class='ocrx_word' id='word_1_196' title='bbox 561 2513 818 2577; x_wconf 84' lang='lat' dir='ltr'>praedicavit</span> <span class='ocrx_word' id='word_1_197' title='bbox 828 2515 1002 2565; x_wconf 90' lang='lat' dir='ltr'>Agnum</span> 
     </span>
    </p>

    <p class='ocr_par' dir='ltr' id='par_1_9' title="bbox 173 2563 1001 2622">
     <span class='ocr_line' id='line_1_41' title="bbox 173 2563 1001 2622; baseline -0.001 -11"><span class='ocrx_word' id='word_1_198' title='bbox 173 2582 270 2611; x_wconf 89' lang='lat' dir='ltr'>esse</span> <span class='ocrx_word' id='word_1_199' title='bbox 308 2572 551 2610; x_wconf 89' lang='lat' dir='ltr'>venturum.</span> <span class='ocrx_word' id='word_1_200' title='bbox 599 2563 647 2614; x_wconf 69' lang='lat' dir='ltr'>,Y-</span> <span class='ocrx_word' id='word_1_201' title='bbox 682 2570 822 2621; x_wconf 88' lang='lat' dir='ltr'>Super</span> <span class='ocrx_word' id='word_1_202' title='bbox 860 2570 1001 2622; x_wconf 91' lang='lat' dir='ltr'>ipsum</span> 
     </span>
    </p>

    <p class='ocr_par' dir='ltr' id='par_1_10' title="bbox 173 2624 1001 2733">
     <span class='ocr_line' id='line_1_42' title="bbox 173 2624 1001 2678; baseline 0 -11"><span class='ocrx_word' id='word_1_203' title='bbox 173 2624 456 2667; x_wconf 88' lang='lat' dir='ltr'>continebunt</span> <span class='ocrx_word' id='word_1_204' title='bbox 476 2637 602 2675; x_wconf 89' lang='lat' dir='ltr'>reges</span> <span class='ocrx_word' id='word_1_205' title='bbox 623 2638 672 2666; x_wconf 92' lang='lat' dir='ltr'>os</span> <span class='ocrx_word' id='word_1_206' title='bbox 697 2638 833 2675; x_wconf 89' lang='lat' dir='ltr'>suum,</span> <span class='ocrx_word' id='word_1_207' title='bbox 859 2626 1001 2678; x_wconf 92' lang='lat' dir='ltr'>ipsum</span> 
     </span>
     <span class='ocr_line' id='line_1_43' title="bbox 175 2680 902 2733; baseline 0.001 -11"><span class='ocrx_word' id='word_1_208' title='bbox 175 2681 342 2723; x_wconf 87' lang='lat' dir='ltr'>Gentes</span> <span class='ocrx_word' id='word_1_209' title='bbox 361 2680 724 2733; x_wconf 90' lang='lat' dir='ltr'>deprecabuntur.</span> <span class='ocrx_word' id='word_1_210' title='bbox 753 2682 902 2731; x_wconf 91' lang='lat' dir='ltr'>Quem.</span> 
     </span>
    </p>
   </div>
   <div class='ocr_carea' id='block_1_7' title="bbox 672 186 1382 222">
    <p class='ocr_par' dir='ltr' id='par_1_11' title="bbox 672 186 1382 222">
     <span class='ocr_line' id='line_1_44' title="bbox 672 186 1382 222; baseline -0.004 -1"><span class='ocrx_word' id='word_1_211' title='bbox 672 188 774 221; x_wconf 70' lang='lat' dir='ltr'>Inszri</span> <span class='ocrx_word' id='word_1_212' title='bbox 798 188 882 222; x_wconf 80' lang='lat' dir='ltr'>Ilcl</span> <span class='ocrx_word' id='word_1_213' title='bbox 887 188 990 221; x_wconf 78' lang='lat' dir='ltr'>dom</span> <span class='ocrx_word' id='word_1_214' title='bbox 993 188 1042 221; x_wconf 77' lang='lat' dir='ltr'>1d</span> <span class='ocrx_word' id='word_1_215' title='bbox 1046 198 1092 220; x_wconf 67' lang='lat' dir='ltr'>im</span> <span class='ocrx_word' id='word_1_216' title='bbox 1118 187 1142 220; x_wconf 92' lang='lat' dir='ltr'>I.</span> <span class='ocrx_word' id='word_1_217' title='bbox 1170 186 1382 220; x_wconf 70' lang='lat' dir='ltr'>Adventus.</span> 
     </span>
    </p>
   </div>
   <div class='ocr_carea' id='block_1_8' title="bbox 1141 278 1890 382">
    <p class='ocr_par' dir='ltr' id='par_1_12' title="bbox 1141 278 1881 382">
     <span class='ocr_line' id='line_1_45' title="bbox 1363 278 1578 321; baseline -0.005 -1"><span class='ocrx_word' id='word_1_218' title='bbox 1363 279 1547 321; x_wconf 84' lang='lat' dir='ltr'>Lectio&#39;</span> <span class='ocrx_word' id='word_1_219' title='bbox 1537 278 1578 319; x_wconf 91' lang='lat' dir='ltr'>1i.</span> 
     </span>
     <span class='ocr_line' id='line_1_46' title="bbox 1141 327 1890 382; baseline -0.003 -11"><span class='ocrx_word' id='word_1_220' title='bbox 1141 335 1159 372; x_wconf 93' lang='lat' dir='ltr'>t</span> <span class='ocrx_word' id='word_1_221' title='bbox 1181 333 1318 371; x_wconf 91' lang='lat' dir='ltr'>irruet</span> <span class='ocrx_word' id='word_1_222' title='bbox 1340 329 1547 382; x_wconf 74' lang='lat' dir='ltr'>pupulus,</span> <span class='ocrx_word' id='word_1_223' title='bbox 1572 329 1639 370; x_wconf 89' lang='lat' dir='ltr'>vir</span> <span class='ocrx_word' id='word_1_224' title='bbox 1663 327 1720 370; x_wconf 91' lang='lat' dir='ltr'>ad</span> <span class='ocrx_word' id='word_1_225' title='bbox 1738 327 1890 376; x_wconf 88' lang='lat' dir='ltr'>virum,</span> 
     </span>
    </p>
   </div>
   <div class='ocr_carea' id='block_1_9' title="bbox 1055 383 1893 2724">
    <p class='ocr_par' dir='ltr' id='par_1_13' title="bbox 1058 383 1893 1057">
     <span class='ocr_line' id='line_1_47' title="bbox 1155 383 1891 437; baseline -0.005 -9"><span class='ocrx_word' id='word_1_226' title='bbox 1155 391 1199 428; x_wconf 92' lang='lat' dir='ltr'>et</span> <span class='ocrx_word' id='word_1_227' title='bbox 1226 388 1527 437; x_wconf 87' lang='lat' dir='ltr'>unusquisque</span> <span class='ocrx_word' id='word_1_228' title='bbox 1556 384 1613 426; x_wconf 92' lang='lat' dir='ltr'>ad</span> <span class='ocrx_word' id='word_1_229' title='bbox 1641 383 1891 437; x_wconf 80' lang='lat' dir='ltr'>proximum</span> 
     </span>
     <span class='ocr_line' id='line_1_48' title="bbox 1060 441 1892 493; baseline -0.004 -11"><span class='ocrx_word' id='word_1_230' title='bbox 1060 455 1200 483; x_wconf 91' lang='lat' dir='ltr'>suum:</span> <span class='ocrx_word' id='word_1_231' title='bbox 1234 441 1570 483; x_wconf 77' lang='lat' dir='ltr'>tumultuabitur</span> <span class='ocrx_word' id='word_1_232' title='bbox 1598 453 1708 493; x_wconf 90' lang='lat' dir='ltr'>puer</span> <span class='ocrx_word' id='word_1_233' title='bbox 1737 443 1892 481; x_wconf 90' lang='lat' dir='ltr'>contra</span> 
     </span>
     <span class='ocr_line' id='line_1_49' title="bbox 1060 494 1890 548; baseline -0.005 -9"><span class='ocrx_word' id='word_1_234' title='bbox 1060 511 1220 548; x_wconf 90' lang='lat' dir='ltr'>senem,</span> <span class='ocrx_word' id='word_1_235' title='bbox 1239 503 1282 539; x_wconf 91' lang='lat' dir='ltr'>et</span> <span class='ocrx_word' id='word_1_236' title='bbox 1301 497 1504 548; x_wconf 83' lang='lat' dir='ltr'>ignobilis</span> <span class='ocrx_word' id='word_1_237' title='bbox 1520 501 1674 538; x_wconf 90' lang='lat' dir='ltr'>contra</span> <span class='ocrx_word' id='word_1_238' title='bbox 1688 494 1890 537; x_wconf 74' lang='lat' dir='ltr'>nubilem.</span> 
     </span>
     <span class='ocr_line' id='line_1_50' title="bbox 1060 552 1890 607; baseline -0.004 -12"><span class='ocrx_word' id='word_1_239' title='bbox 1060 554 1379 607; x_wconf 90' lang='lat' dir='ltr'>Apprehendet</span> <span class='ocrx_word' id='word_1_240' title='bbox 1404 553 1520 594; x_wconf 91' lang='lat' dir='ltr'>enim</span> <span class='ocrx_word' id='word_1_241' title='bbox 1538 553 1604 593; x_wconf 90' lang='lat' dir='ltr'>vir</span> <span class='ocrx_word' id='word_1_242' title='bbox 1624 552 1805 593; x_wconf 90' lang='lat' dir='ltr'>fratrem</span> <span class='ocrx_word' id='word_1_243' title='bbox 1823 564 1890 592; x_wconf 87' lang='lat' dir='ltr'>su-</span> 
     </span>
     <span class='ocr_line' id='line_1_51' title="bbox 1059 607 1891 662; baseline -0.006 -9"><span class='ocrx_word' id='word_1_244' title='bbox 1059 626 1132 654; x_wconf 94' lang='lat' dir='ltr'>um</span> <span class='ocrx_word' id='word_1_245' title='bbox 1157 610 1447 652; x_wconf 89' lang='lat' dir='ltr'>domesticum</span> <span class='ocrx_word' id='word_1_246' title='bbox 1471 609 1611 662; x_wconf 89' lang='lat' dir='ltr'>patris</span> <span class='ocrx_word' id='word_1_247' title='bbox 1639 608 1721 649; x_wconf 87' lang='lat' dir='ltr'>sui:</span> <span class='ocrx_word' id='word_1_248' title='bbox 1747 607 1891 649; x_wconf 87' lang='lat' dir='ltr'>Vesti-</span> 
     </span>
     <span class='ocr_line' id='line_1_52' title="bbox 1058 665 1892 718; baseline -0.006 -9"><span class='ocrx_word' id='word_1_249' title='bbox 1058 669 1254 709; x_wconf 86' lang='lat' dir='ltr'>mentum</span> <span class='ocrx_word' id='word_1_250' title='bbox 1271 666 1352 707; x_wconf 88' lang='lat' dir='ltr'>tibi</span> <span class='ocrx_word' id='word_1_251' title='bbox 1370 670 1451 715; x_wconf 87' lang='grc' dir='ltr'>θεῖ,</span> <span class='ocrx_word' id='word_1_252' title='bbox 1473 665 1681 718; x_wconf 90' lang='lat' dir='ltr'>princeps</span> <span class='ocrx_word' id='word_1_253' title='bbox 1701 668 1797 705; x_wconf 89' lang='lat' dir='ltr'>esto</span> <span class='ocrx_word' id='word_1_254' title='bbox 1815 675 1892 704; x_wconf 89' lang='lat' dir='ltr'>no-</span> 
     </span>
     <span class='ocr_line' id='line_1_53' title="bbox 1060 720 1893 774; baseline -0.006 -9"><span class='ocrx_word' id='word_1_255' title='bbox 1060 729 1167 774; x_wconf 84' lang='lat' dir='ltr'>ster,</span> <span class='ocrx_word' id='word_1_256' title='bbox 1201 725 1325 764; x_wconf 90' lang='lat' dir='ltr'>ruina</span> <span class='ocrx_word' id='word_1_257' title='bbox 1353 727 1500 764; x_wconf 90' lang='lat' dir='ltr'>autem</span> <span class='ocrx_word' id='word_1_258' title='bbox 1526 721 1624 762; x_wconf 88' lang='lat' dir='ltr'>haec</span> <span class='ocrx_word' id='word_1_259' title='bbox 1652 720 1734 762; x_wconf 92' lang='lat' dir='ltr'>sub</span> <span class='ocrx_word' id='word_1_260' title='bbox 1761 732 1893 761; x_wconf 90' lang='lat' dir='ltr'>manu</span> 
     </span>
     <span class='ocr_line' id='line_1_54' title="bbox 1060 774 1892 831; baseline -0.007 -9"><span class='ocrx_word' id='word_1_261' title='bbox 1060 786 1145 822; x_wconf 92' lang='lat' dir='ltr'>tua</span> <span class='ocrx_word' id='word_1_262' title='bbox 1192 778 1500 831; x_wconf 82' lang='lat' dir='ltr'>Respondebit</span> <span class='ocrx_word' id='word_1_263' title='bbox 1531 778 1575 818; x_wconf 92' lang='lat' dir='ltr'>in</span> <span class='ocrx_word' id='word_1_264' title='bbox 1607 776 1678 818; x_wconf 90' lang='lat' dir='ltr'>die</span> <span class='ocrx_word' id='word_1_265' title='bbox 1709 776 1800 825; x_wconf 92' lang='lat' dir='ltr'>illa,</span> <span class='ocrx_word' id='word_1_266' title='bbox 1832 774 1892 816; x_wconf 92' lang='lat' dir='ltr'>di-</span> 
     </span>
     <span class='ocr_line' id='line_1_55' title="bbox 1060 830 1892 882; baseline -0.006 -4"><span class='ocrx_word' id='word_1_267' title='bbox 1060 849 1177 878; x_wconf 90' lang='lat' dir='ltr'>cens:</span> <span class='ocrx_word' id='word_1_268' title='bbox 1202 836 1305 877; x_wconf 90' lang='lat' dir='ltr'>Non</span> <span class='ocrx_word' id='word_1_269' title='bbox 1329 848 1425 876; x_wconf 89' lang='lat' dir='ltr'>sum</span> <span class='ocrx_word' id='word_1_270' title='bbox 1447 834 1661 882; x_wconf 90' lang='lat' dir='ltr'>medicus,</span> <span class='ocrx_word' id='word_1_271' title='bbox 1687 837 1731 874; x_wconf 88' lang='lat' dir='ltr'>et</span> <span class='ocrx_word' id='word_1_272' title='bbox 1753 832 1798 873; x_wconf 89' lang='lat' dir='ltr'>in</span> <span class='ocrx_word' id='word_1_273' title='bbox 1817 830 1892 873; x_wconf 94' lang='lat' dir='ltr'>do-</span> 
     </span>
     <span class='ocr_line' id='line_1_56' title="bbox 1058 887 1892 943; baseline -0.006 -9"><span class='ocrx_word' id='word_1_274' title='bbox 1058 905 1131 934; x_wconf 92' lang='lat' dir='ltr'>mo</span> <span class='ocrx_word' id='word_1_275' title='bbox 1151 905 1250 933; x_wconf 90' lang='lat' dir='ltr'>mea</span> <span class='ocrx_word' id='word_1_276' title='bbox 1263 905 1352 933; x_wconf 91' lang='lat' dir='ltr'>non</span> <span class='ocrx_word' id='word_1_277' title='bbox 1368 896 1435 932; x_wconf 91' lang='lat' dir='ltr'>est</span> <span class='ocrx_word' id='word_1_278' title='bbox 1449 890 1586 943; x_wconf 83' lang='lat' dir='ltr'>panis,</span> <span class='ocrx_word' id='word_1_279' title='bbox 1605 901 1748 941; x_wconf 89' lang='lat' dir='ltr'>neque</span> <span class='ocrx_word' id='word_1_280' title='bbox 1763 887 1892 930; x_wconf 87' lang='lat' dir='ltr'>vesti-</span> 
     </span>
     <span class='ocr_line' id='line_1_57' title="bbox 1058 945 1892 990; baseline -0.006 0"><span class='ocrx_word' id='word_1_281' title='bbox 1058 950 1271 990; x_wconf 90' lang='lat' dir='ltr'>mentum:</span> <span class='ocrx_word' id='word_1_282' title='bbox 1321 947 1458 988; x_wconf 89' lang='lat' dir='ltr'>nolite</span> <span class='ocrx_word' id='word_1_283' title='bbox 1508 945 1777 987; x_wconf 88' lang='lat' dir='ltr'>constituere</span> <span class='ocrx_word' id='word_1_284' title='bbox 1821 956 1892 985; x_wconf 91' lang='lat' dir='ltr'>me</span> 
     </span>
     <span class='ocr_line' id='line_1_58' title="bbox 1059 1002 1487 1057; baseline -0.002 -12"><span class='ocrx_word' id='word_1_285' title='bbox 1059 1004 1304 1057; x_wconf 91' lang='lat' dir='ltr'>principem</span> <span class='ocrx_word' id='word_1_286' title='bbox 1322 1002 1487 1056; x_wconf 84' lang='lat' dir='ltr'>populi.</span> 
     </span>
    </p>

    <p class='ocr_par' dir='ltr' id='par_1_14' title="bbox 1058 1057 1893 1551">
     <span class='ocr_line' id='line_1_59' title="bbox 1108 1057 1892 1115; baseline -0.005 -12"><span class='ocrx_word' id='word_1_287' title='bbox 1108 1064 1159 1115; x_wconf 66' lang='lat' dir='ltr'>R.</span> <span class='ocrx_word' id='word_1_288' title='bbox 1181 1060 1298 1101; x_wconf 89' lang='lat' dir='ltr'>Ante</span> <span class='ocrx_word' id='word_1_289' title='bbox 1313 1059 1498 1100; x_wconf 93' lang='lat' dir='ltr'>multum</span> <span class='ocrx_word' id='word_1_290' title='bbox 1511 1063 1688 1110; x_wconf 90' lang='lat' dir='ltr'>tempus</span> <span class='ocrx_word' id='word_1_291' title='bbox 1702 1057 1892 1110; x_wconf 89' lang='lat' dir='ltr'>prophe-</span> 
     </span>
     <span class='ocr_line' id='line_1_60' title="bbox 1059 1105 1892 1166; baseline -0.005 -8"><span class='ocrx_word' id='word_1_292' title='bbox 1059 1105 1170 1158; x_wconf 82' lang='lat' dir='ltr'>tavit</span> <span class='ocrx_word' id='word_1_293' title='bbox 1193 1115 1414 1157; x_wconf 89' lang='lat' dir='ltr'>Ezechiel.</span> <span class='ocrx_word' id='word_1_294' title='bbox 1444 1114 1551 1157; x_wconf 89' lang='lat' dir='ltr'>Vidi</span> <span class='ocrx_word' id='word_1_295' title='bbox 1577 1118 1754 1166; x_wconf 90' lang='lat' dir='ltr'>portam</span> <span class='ocrx_word' id='word_1_296' title='bbox 1779 1113 1892 1155; x_wconf 90' lang='lat' dir='ltr'>clau-</span> 
     </span>
     <span class='ocr_line' id='line_1_61' title="bbox 1059 1170 1893 1223; baseline -0.005 -9"><span class='ocrx_word' id='word_1_297' title='bbox 1059 1186 1168 1223; x_wconf 81' lang='lat' dir='ltr'>sam3</span> <span class='ocrx_word' id='word_1_298' title='bbox 1193 1185 1295 1214; x_wconf 91' lang='lat' dir='ltr'>ecce</span> <span class='ocrx_word' id='word_1_299' title='bbox 1314 1172 1438 1213; x_wconf 89' lang='lat' dir='ltr'>Deus</span> <span class='ocrx_word' id='word_1_300' title='bbox 1463 1175 1564 1212; x_wconf 90' lang='lat' dir='ltr'>ante</span> <span class='ocrx_word' id='word_1_301' title='bbox 1583 1170 1746 1211; x_wconf 80' lang='lat' dir='ltr'>saecula</span> <span class='ocrx_word' id='word_1_302' title='bbox 1767 1182 1822 1211; x_wconf 86' lang='lat' dir='ltr'>ex</span> <span class='ocrx_word' id='word_1_303' title='bbox 1841 1183 1893 1211; x_wconf 88' lang='lat' dir='ltr'>ea</span> 
     </span>
     <span class='ocr_line' id='line_1_62' title="bbox 1059 1225 1893 1282; baseline -0.006 -11"><span class='ocrx_word' id='word_1_304' title='bbox 1059 1228 1331 1282; x_wconf 91' lang='lat' dir='ltr'>procedebat</span> <span class='ocrx_word' id='word_1_305' title='bbox 1352 1241 1434 1280; x_wconf 93' lang='lat' dir='ltr'>pro</span> <span class='ocrx_word' id='word_1_306' title='bbox 1456 1227 1596 1268; x_wconf 90' lang='lat' dir='ltr'>salute</span> <span class='ocrx_word' id='word_1_307' title='bbox 1611 1225 1813 1267; x_wconf 86' lang='lat' dir='ltr'>mundi:*</span> <span class='ocrx_word' id='word_1_308' title='bbox 1835 1226 1893 1267; x_wconf 86' lang='lat' dir='ltr'>Et</span> 
     </span>
     <span class='ocr_line' id='line_1_63' title="bbox 1060 1282 1892 1333; baseline -0.004 -7"><span class='ocrx_word' id='word_1_309' title='bbox 1060 1290 1154 1327; x_wconf 90' lang='lat' dir='ltr'>erat</span> <span class='ocrx_word' id='word_1_310' title='bbox 1186 1287 1347 1326; x_wconf 90' lang='lat' dir='ltr'>iterum</span> <span class='ocrx_word' id='word_1_311' title='bbox 1379 1284 1546 1333; x_wconf 89' lang='lat' dir='ltr'>clausa,</span> <span class='ocrx_word' id='word_1_312' title='bbox 1587 1282 1892 1324; x_wconf 72' lang='lat' dir='ltr'>demonstrans</span> 
     </span>
     <span class='ocr_line' id='line_1_64' title="bbox 1058 1340 1892 1392; baseline -0.005 -10"><span class='ocrx_word' id='word_1_313' title='bbox 1058 1341 1304 1392; x_wconf 87' lang='lat' dir='ltr'>Virginem,</span> <span class='ocrx_word' id='word_1_314' title='bbox 1334 1340 1437 1392; x_wconf 88' lang='lat' dir='ltr'>quia</span> <span class='ocrx_word' id='word_1_315' title='bbox 1462 1343 1567 1392; x_wconf 90' lang='lat' dir='ltr'>post</span> <span class='ocrx_word' id='word_1_316' title='bbox 1593 1342 1770 1391; x_wconf 89' lang='lat' dir='ltr'>partum</span> <span class='ocrx_word' id='word_1_317' title='bbox 1795 1350 1892 1391; x_wconf 92' lang='lat' dir='ltr'>per-</span> 
     </span>
     <span class='ocr_line' id='line_1_65' title="bbox 1058 1393 1892 1447; baseline -0.004 -9"><span class='ocrx_word' id='word_1_318' title='bbox 1058 1397 1220 1439; x_wconf 81' lang='lat' dir='ltr'>mansit</span> <span class='ocrx_word' id='word_1_319' title='bbox 1247 1397 1383 1447; x_wconf 90' lang='lat' dir='ltr'>virgo.</span> <span class='ocrx_word' id='word_1_320' title='bbox 1427 1393 1479 1445; x_wconf 67' lang='lat' dir='ltr'>V.</span> <span class='ocrx_word' id='word_1_321' title='bbox 1508 1395 1644 1436; x_wconf 90' lang='lat' dir='ltr'>Porta</span> <span class='ocrx_word' id='word_1_322' title='bbox 1673 1406 1805 1446; x_wconf 90' lang='lat' dir='ltr'>quam</span> <span class='ocrx_word' id='word_1_323' title='bbox 1832 1394 1892 1435; x_wconf 88' lang='lat' dir='ltr'>vi-</span> 
     </span>
     <span class='ocr_line' id='line_1_66' title="bbox 1061 1449 1892 1503; baseline -0.005 -9"><span class='ocrx_word' id='word_1_324' title='bbox 1061 1453 1178 1503; x_wconf 86' lang='lat' dir='ltr'>disti,</span> <span class='ocrx_word' id='word_1_325' title='bbox 1202 1452 1419 1494; x_wconf 83' lang='lat' dir='ltr'>Dominus</span> <span class='ocrx_word' id='word_1_326' title='bbox 1443 1451 1563 1494; x_wconf 88' lang='lat' dir='ltr'>solus</span> <span class='ocrx_word' id='word_1_327' title='bbox 1586 1449 1789 1492; x_wconf 85' lang='lat' dir='ltr'>transibit</span> <span class='ocrx_word' id='word_1_328' title='bbox 1812 1462 1892 1503; x_wconf 87' lang='lat' dir='ltr'>per</span> 
     </span>
     <span class='ocr_line' id='line_1_67' title="bbox 1058 1509 1284 1551; baseline -0.004 -1"><span class='ocrx_word' id='word_1_329' title='bbox 1058 1509 1188 1551; x_wconf 89' lang='lat' dir='ltr'>illam.</span> <span class='ocrx_word' id='word_1_330' title='bbox 1216 1509 1284 1550; x_wconf 88' lang='lat' dir='ltr'>Et.</span> 
     </span>
    </p>

    <p class='ocr_par' dir='ltr' id='par_1_15' title="bbox 1353 1564 1585 1605">
     <span class='ocr_line' id='line_1_68' title="bbox 1353 1564 1585 1605; baseline 0 -2"><span class='ocrx_word' id='word_1_331' title='bbox 1353 1564 1505 1605; x_wconf 88' lang='lat' dir='ltr'>Lectio</span> <span class='ocrx_word' id='word_1_332' title='bbox 1530 1564 1585 1604; x_wconf 91' lang='lat' dir='ltr'>iii.</span> 
     </span>
    </p>

    <p class='ocr_par' dir='ltr' id='par_1_16' title="bbox 1055 1615 1892 1720">
     <span class='ocr_line' id='line_1_69' title="bbox 1055 1615 1892 1720; baseline -0.004 -59"><span class='ocrx_word' id='word_1_333' title='bbox 1055 1615 1211 1720; x_wconf 82' lang='lat' dir='ltr'>Ruit</span> <span class='ocrx_word' id='word_1_334' title='bbox 1243 1619 1358 1660; x_wconf 91' lang='lat' dir='ltr'>enim</span> <span class='ocrx_word' id='word_1_335' title='bbox 1389 1617 1648 1667; x_wconf 82' lang='lat' dir='ltr'>Jerusalem,</span> <span class='ocrx_word' id='word_1_336' title='bbox 1681 1622 1725 1659; x_wconf 89' lang='lat' dir='ltr'>et</span> <span class='ocrx_word' id='word_1_337' title='bbox 1754 1617 1892 1659; x_wconf 84' lang='lat' dir='ltr'>Judas</span> 
     </span>
    </p>

    <p class='ocr_par' dir='ltr' id='par_1_17' title="bbox 1055 1674 1893 2341">
     <span class='ocr_line' id='line_1_70' title="bbox 1164 1674 1893 1726; baseline -0.003 -9"><span class='ocrx_word' id='word_1_338' title='bbox 1164 1674 1369 1719; x_wconf 75' lang='lat' dir='ltr'>cencidit:</span> <span class='ocrx_word' id='word_1_339' title='bbox 1390 1674 1492 1726; x_wconf 89' lang='lat' dir='ltr'>quia</span> <span class='ocrx_word' id='word_1_340' title='bbox 1509 1674 1656 1724; x_wconf 89' lang='lat' dir='ltr'>lingua</span> <span class='ocrx_word' id='word_1_341' title='bbox 1677 1675 1830 1715; x_wconf 81' lang='lat' dir='ltr'>eorum</span> <span class='ocrx_word' id='word_1_342' title='bbox 1848 1678 1893 1719; x_wconf 89' lang='lat' dir='ltr'>et</span> 
     </span>
     <span class='ocr_line' id='line_1_71' title="bbox 1059 1730 1891 1774; baseline -0.004 -1"><span class='ocrx_word' id='word_1_343' title='bbox 1059 1731 1391 1774; x_wconf 84' lang='lat' dir='ltr'>adinventiones</span> <span class='ocrx_word' id='word_1_344' title='bbox 1407 1732 1560 1771; x_wconf 81' lang='lat' dir='ltr'>eorum</span> <span class='ocrx_word' id='word_1_345' title='bbox 1575 1734 1729 1771; x_wconf 90' lang='lat' dir='ltr'>contra</span> <span class='ocrx_word' id='word_1_346' title='bbox 1741 1730 1891 1771; x_wconf 75' lang='lat' dir='ltr'>Demi-</span> 
     </span>
     <span class='ocr_line' id='line_1_72' title="bbox 1058 1785 1890 1839; baseline -0.004 -10"><span class='ocrx_word' id='word_1_347' title='bbox 1058 1801 1178 1838; x_wconf 88' lang='lat' dir='ltr'>num,</span> <span class='ocrx_word' id='word_1_348' title='bbox 1203 1792 1251 1829; x_wconf 92' lang='lat' dir='ltr'>ut</span> <span class='ocrx_word' id='word_1_349' title='bbox 1275 1788 1571 1839; x_wconf 82' lang='lat' dir='ltr'>provocarent</span> <span class='ocrx_word' id='word_1_350' title='bbox 1590 1785 1743 1827; x_wconf 82' lang='lat' dir='ltr'>oculos</span> <span class='ocrx_word' id='word_1_351' title='bbox 1762 1786 1890 1837; x_wconf 89' lang='lat' dir='ltr'>maje-</span> 
     </span>
     <span class='ocr_line' id='line_1_73' title="bbox 1059 1842 1892 1895; baseline -0.004 -9"><span class='ocrx_word' id='word_1_352' title='bbox 1059 1844 1184 1886; x_wconf 88' lang='lat' dir='ltr'>statis</span> <span class='ocrx_word' id='word_1_353' title='bbox 1213 1844 1314 1895; x_wconf 91' lang='lat' dir='ltr'>ejus.</span> <span class='ocrx_word' id='word_1_354' title='bbox 1354 1842 1535 1893; x_wconf 85' lang='lat' dir='ltr'>Agnitio</span> <span class='ocrx_word' id='word_1_355' title='bbox 1564 1842 1710 1883; x_wconf 88' lang='lat' dir='ltr'>vultus</span> <span class='ocrx_word' id='word_1_356' title='bbox 1739 1843 1892 1883; x_wconf 79' lang='lat' dir='ltr'>eorum</span> 
     </span>
     <span class='ocr_line' id='line_1_74' title="bbox 1057 1899 1892 1952; baseline -0.004 -10"><span class='ocrx_word' id='word_1_357' title='bbox 1057 1899 1287 1952; x_wconf 79' lang='lat' dir='ltr'>respondit</span> <span class='ocrx_word' id='word_1_358' title='bbox 1315 1899 1393 1940; x_wconf 88' lang='lat' dir='ltr'>eis:</span> <span class='ocrx_word' id='word_1_359' title='bbox 1430 1903 1474 1940; x_wconf 92' lang='lat' dir='ltr'>et</span> <span class='ocrx_word' id='word_1_360' title='bbox 1505 1900 1738 1951; x_wconf 86' lang='lat' dir='ltr'>peccatum</span> <span class='ocrx_word' id='word_1_361' title='bbox 1764 1910 1892 1939; x_wconf 85' lang='lat' dir='ltr'>suum</span> 
     </span>
     <span class='ocr_line' id='line_1_75' title="bbox 1060 1954 1891 2008; baseline -0.004 -10"><span class='ocrx_word' id='word_1_362' title='bbox 1060 1956 1185 2008; x_wconf 89' lang='lat' dir='ltr'>quasi</span> <span class='ocrx_word' id='word_1_363' title='bbox 1203 1955 1398 1998; x_wconf 83' lang='lat' dir='ltr'>Sodoma</span> <span class='ocrx_word' id='word_1_364' title='bbox 1416 1954 1784 2007; x_wconf 85' lang='lat' dir='ltr'>praedicaverunt,</span> <span class='ocrx_word' id='word_1_365' title='bbox 1809 1966 1891 1995; x_wconf 92' lang='lat' dir='ltr'>nec</span> 
     </span>
     <span class='ocr_line' id='line_1_76' title="bbox 1058 2010 1890 2060; baseline -0.004 -7"><span class='ocrx_word' id='word_1_366' title='bbox 1058 2011 1400 2054; x_wconf 89' lang='lat' dir='ltr'>absconderunt:</span> <span class='ocrx_word' id='word_1_367' title='bbox 1436 2023 1504 2051; x_wconf 88' lang='lat' dir='ltr'>vae</span> <span class='ocrx_word' id='word_1_368' title='bbox 1537 2010 1693 2051; x_wconf 88' lang='lat' dir='ltr'>animae</span> <span class='ocrx_word' id='word_1_369' title='bbox 1727 2012 1890 2060; x_wconf 81' lang='lat' dir='ltr'>eorum,</span> 
     </span>
     <span class='ocr_line' id='line_1_77' title="bbox 1059 2066 1890 2121; baseline -0.004 -11"><span class='ocrx_word' id='word_1_370' title='bbox 1059 2068 1265 2121; x_wconf 73' lang='lat' dir='ltr'>queniam</span> <span class='ocrx_word' id='word_1_371' title='bbox 1284 2066 1458 2108; x_wconf 88' lang='lat' dir='ltr'>reddita</span> <span class='ocrx_word' id='word_1_372' title='bbox 1472 2071 1573 2108; x_wconf 90' lang='lat' dir='ltr'>sunt</span> <span class='ocrx_word' id='word_1_373' title='bbox 1589 2066 1650 2107; x_wconf 88' lang='lat' dir='ltr'>eis</span> <span class='ocrx_word' id='word_1_374' title='bbox 1666 2066 1792 2107; x_wconf 89' lang='lat' dir='ltr'>mala.</span> <span class='ocrx_word' id='word_1_375' title='bbox 1815 2066 1890 2107; x_wconf 90' lang='lat' dir='ltr'>Di-</span> 
     </span>
     <span class='ocr_line' id='line_1_78' title="bbox 1058 2122 1890 2175; baseline -0.004 -9"><span class='ocrx_word' id='word_1_376' title='bbox 1058 2125 1142 2166; x_wconf 90' lang='lat' dir='ltr'>cite</span> <span class='ocrx_word' id='word_1_377' title='bbox 1160 2124 1275 2175; x_wconf 87' lang='lat' dir='ltr'>justo</span> <span class='ocrx_word' id='word_1_378' title='bbox 1301 2123 1507 2175; x_wconf 76' lang='lat' dir='ltr'>queniam</span> <span class='ocrx_word' id='word_1_379' title='bbox 1530 2122 1658 2172; x_wconf 86' lang='lat' dir='ltr'>bene,</span> <span class='ocrx_word' id='word_1_380' title='bbox 1685 2122 1890 2175; x_wconf 78' lang='lat' dir='ltr'>queniam</span> 
     </span>
     <span class='ocr_line' id='line_1_79' title="bbox 1057 2178 1889 2221; baseline -0.004 0"><span class='ocrx_word' id='word_1_381' title='bbox 1057 2181 1246 2221; x_wconf 88' lang='lat' dir='ltr'>fructum</span> <span class='ocrx_word' id='word_1_382' title='bbox 1300 2178 1659 2220; x_wconf 79' lang='lat' dir='ltr'>adinventionum</span> <span class='ocrx_word' id='word_1_383' title='bbox 1712 2180 1889 2219; x_wconf 90' lang='lat' dir='ltr'>suarum</span> 
     </span>
     <span class='ocr_line' id='line_1_80' title="bbox 1057 2234 1888 2286; baseline -0.005 -8"><span class='ocrx_word' id='word_1_384' title='bbox 1057 2235 1271 2278; x_wconf 83' lang='lat' dir='ltr'>comedet.</span> <span class='ocrx_word' id='word_1_385' title='bbox 1300 2235 1383 2276; x_wconf 86' lang='lat' dir='ltr'>Vae</span> <span class='ocrx_word' id='word_1_386' title='bbox 1402 2234 1538 2286; x_wconf 89' lang='lat' dir='ltr'>impio</span> <span class='ocrx_word' id='word_1_387' title='bbox 1558 2234 1602 2274; x_wconf 92' lang='lat' dir='ltr'>in</span> <span class='ocrx_word' id='word_1_388' title='bbox 1622 2234 1802 2275; x_wconf 89' lang='lat' dir='ltr'>malum:</span> <span class='ocrx_word' id='word_1_389' title='bbox 1825 2246 1888 2275; x_wconf 90' lang='lat' dir='ltr'>re-</span> 
     </span>
     <span class='ocr_line' id='line_1_81' title="bbox 1055 2289 1888 2341; baseline -0.006 -7"><span class='ocrx_word' id='word_1_390' title='bbox 1055 2292 1238 2334; x_wconf 83' lang='lat' dir='ltr'>tributio</span> <span class='ocrx_word' id='word_1_391' title='bbox 1263 2290 1378 2332; x_wconf 91' lang='lat' dir='ltr'>enim</span> <span class='ocrx_word' id='word_1_392' title='bbox 1401 2292 1609 2331; x_wconf 89' lang='lat' dir='ltr'>manuum</span> <span class='ocrx_word' id='word_1_393' title='bbox 1633 2290 1723 2341; x_wconf 85' lang='lat' dir='ltr'>ejus</span> <span class='ocrx_word' id='word_1_394' title='bbox 1742 2289 1820 2331; x_wconf 90' lang='lat' dir='ltr'>fiet</span> <span class='ocrx_word' id='word_1_395' title='bbox 1839 2290 1888 2330; x_wconf 90' lang='lat' dir='ltr'>ei.</span> 
     </span>
    </p>

    <p class='ocr_par' dir='ltr' id='par_1_18' title="bbox 1055 2344 1888 2724">
     <span class='ocr_line' id='line_1_82' title="bbox 1109 2344 1887 2397; baseline 0 -12"><span class='ocrx_word' id='word_1_396' title='bbox 1109 2346 1159 2397; x_wconf 62' lang='lat' dir='ltr'>Rz.</span> <span class='ocrx_word' id='word_1_397' title='bbox 1185 2347 1302 2388; x_wconf 88' lang='lat' dir='ltr'>Ecce</span> <span class='ocrx_word' id='word_1_398' title='bbox 1329 2345 1422 2387; x_wconf 89' lang='lat' dir='ltr'>dies</span> <span class='ocrx_word' id='word_1_399' title='bbox 1447 2345 1646 2395; x_wconf 88' lang='lat' dir='ltr'>veniunt,</span> <span class='ocrx_word' id='word_1_400' title='bbox 1675 2344 1781 2386; x_wconf 92' lang='lat' dir='ltr'>dicit</span> <span class='ocrx_word' id='word_1_401' title='bbox 1800 2345 1887 2386; x_wconf 82' lang='lat' dir='ltr'>Do-</span> 
     </span>
     <span class='ocr_line' id='line_1_83' title="bbox 1055 2400 1887 2452; baseline -0.005 -7"><span class='ocrx_word' id='word_1_402' title='bbox 1055 2404 1212 2452; x_wconf 88' lang='lat' dir='ltr'>minus,</span> <span class='ocrx_word' id='word_1_403' title='bbox 1239 2407 1282 2444; x_wconf 90' lang='lat' dir='ltr'>et</span> <span class='ocrx_word' id='word_1_404' title='bbox 1301 2401 1525 2443; x_wconf 87' lang='lat' dir='ltr'>suscitabo</span> <span class='ocrx_word' id='word_1_405' title='bbox 1545 2400 1691 2442; x_wconf 90' lang='lat' dir='ltr'>David</span> <span class='ocrx_word' id='word_1_406' title='bbox 1709 2413 1887 2452; x_wconf 88' lang='lat' dir='ltr'>germen</span> 
     </span>
     <span class='ocr_line' id='line_1_84' title="bbox 1055 2456 1887 2511; baseline -0.005 -10"><span class='ocrx_word' id='word_1_407' title='bbox 1055 2460 1229 2511; x_wconf 90' lang='lat' dir='ltr'>justum:</span> <span class='ocrx_word' id='word_1_408' title='bbox 1254 2462 1297 2499; x_wconf 93' lang='grc' dir='ltr'>θῖ</span> <span class='ocrx_word' id='word_1_409' title='bbox 1316 2456 1516 2508; x_wconf 87' lang='lat' dir='ltr'>regnabit</span> <span class='ocrx_word' id='word_1_410' title='bbox 1535 2469 1628 2506; x_wconf 81' lang='lat' dir='ltr'>rex,</span> <span class='ocrx_word' id='word_1_411' title='bbox 1649 2461 1692 2497; x_wconf 90' lang='lat' dir='ltr'>et</span> <span class='ocrx_word' id='word_1_412' title='bbox 1712 2456 1887 2509; x_wconf 91' lang='lat' dir='ltr'>sapiens</span> 
     </span>
     <span class='ocr_line' id='line_1_85' title="bbox 1056 2512 1888 2565; baseline -0.005 -8"><span class='ocrx_word' id='word_1_413' title='bbox 1056 2515 1153 2565; x_wconf 90' lang='lat' dir='ltr'>erit,</span> <span class='ocrx_word' id='word_1_414' title='bbox 1180 2519 1223 2556; x_wconf 93' lang='lat' dir='ltr'>et</span> <span class='ocrx_word' id='word_1_415' title='bbox 1243 2514 1373 2555; x_wconf 86' lang='lat' dir='ltr'>faciet</span> <span class='ocrx_word' id='word_1_416' title='bbox 1391 2512 1598 2564; x_wconf 90' lang='lat' dir='ltr'>judicium</span> <span class='ocrx_word' id='word_1_417' title='bbox 1618 2516 1662 2553; x_wconf 90' lang='lat' dir='ltr'>et</span> <span class='ocrx_word' id='word_1_418' title='bbox 1680 2512 1888 2562; x_wconf 88' lang='lat' dir='ltr'>justitiam</span> 
     </span>
     <span class='ocr_line' id='line_1_86' title="bbox 1055 2567 1887 2620; baseline -0.005 -8"><span class='ocrx_word' id='word_1_419' title='bbox 1055 2572 1097 2611; x_wconf 91' lang='lat' dir='ltr'>in</span> <span class='ocrx_word' id='word_1_420' title='bbox 1117 2576 1248 2612; x_wconf 87' lang='lat' dir='ltr'>terra:</span> <span class='ocrx_word' id='word_1_421' title='bbox 1268 2567 1291 2590; x_wconf 87' lang='lat'>*</span> <span class='ocrx_word' id='word_1_422' title='bbox 1310 2570 1367 2610; x_wconf 86' lang='lat' dir='ltr'>Et</span> <span class='ocrx_word' id='word_1_423' title='bbox 1391 2568 1476 2610; x_wconf 92' lang='lat' dir='ltr'>hoc</span> <span class='ocrx_word' id='word_1_424' title='bbox 1501 2573 1568 2609; x_wconf 92' lang='lat' dir='ltr'>est</span> <span class='ocrx_word' id='word_1_425' title='bbox 1587 2581 1747 2609; x_wconf 90' lang='lat' dir='ltr'>nomen</span> <span class='ocrx_word' id='word_1_426' title='bbox 1768 2568 1887 2620; x_wconf 93' lang='lat' dir='ltr'>quod</span> 
     </span>
     <span class='ocr_line' id='line_1_87' title="bbox 1055 2621 1887 2676; baseline -0.005 -8"><span class='ocrx_word' id='word_1_427' title='bbox 1055 2626 1276 2668; x_wconf 87' lang='lat' dir='ltr'>vocabunt</span> <span class='ocrx_word' id='word_1_428' title='bbox 1309 2638 1423 2666; x_wconf 89' lang='lat' dir='ltr'>eum:</span> <span class='ocrx_word' id='word_1_429' title='bbox 1451 2621 1474 2646; x_wconf 89' lang='lat'>*</span> <span class='ocrx_word' id='word_1_430' title='bbox 1500 2625 1716 2665; x_wconf 78' lang='lat' dir='ltr'>Deminus</span> <span class='ocrx_word' id='word_1_431' title='bbox 1748 2625 1887 2676; x_wconf 89' lang='lat' dir='ltr'>justus</span> 
     </span>
     <span class='ocr_line' id='line_1_88' title="bbox 1055 2674 1885 2724; baseline -0.005 0"><span class='ocrx_word' id='word_1_432' title='bbox 1055 2687 1214 2724; x_wconf 91' lang='lat' dir='ltr'>noster.</span> <span class='ocrx_word' id='word_1_433' title='bbox 1252 2674 1301 2723; x_wconf 91' lang='lat' dir='ltr'>Y</span> <span class='ocrx_word' id='word_1_434' title='bbox 1330 2681 1380 2721; x_wconf 86' lang='lat' dir='ltr'>In</span> <span class='ocrx_word' id='word_1_435' title='bbox 1410 2679 1564 2721; x_wconf 92' lang='lat' dir='ltr'>diebus</span> <span class='ocrx_word' id='word_1_436' title='bbox 1592 2680 1676 2721; x_wconf 90' lang='lat' dir='ltr'>illis</span> <span class='ocrx_word' id='word_1_437' title='bbox 1702 2679 1885 2721; x_wconf 88' lang='lat' dir='ltr'>salvabi-</span> 
     </span>
    </p>
   </div>
   <div class='ocr_carea' id='block_1_10' title="bbox 112 124 1944 2789">
    <p class='ocr_par' dir='ltr' id='par_1_19' title="bbox 112 124 1944 2789">
     <span class='ocr_line' id='line_1_89' title="bbox 112 124 1944 2789; baseline 0 0"><span class='ocrx_word' id='word_1_438' title='bbox 112 124 1944 2789; x_wconf 95' lang='lat' dir='ltr'> </span> 
     </span>
    </p>
   </div>
  </div>
 </body>
</html>
