2080 2990
600 201 635 233 111
663 202 805 233 Metam
837 201 981 233 lmmuc.
1010 201 1047 231 (Ἀ

1070 199 1283 241 nccptionis
1310 199 1347 232 13.
1377 199 1418 232 M.
1448 199 1486 231 V.

198 293 453 334 Doctrinam
472 306 569 344 quae
588 299 706 335 tenet
724 293 1019 335 beatissimam

198 350 422 400 Virginem
436 349 615 391 Mariam
630 351 672 391 in
687 351 827 403 primo
843 351 1019 392 instanti

199 419 289 448 suae
317 407 625 459 Conceptionis
654 408 785 449 fuisse
814 407 1019 459 singulari

199 463 507 515 omnipotentis
526 464 608 505 Dei
630 464 768 515 gratia
787 470 830 506 et
849 464 1019 517 privile-

198 520 281 569 gio,
300 520 456 561 intuitu
474 521 728 562 meritorum
744 521 902 562 Christi
917 521 941 561 J
944 534 1020 562 esu

198 575 435 617 Salvatoris
450 576 626 618 humani
640 578 821 628 generis,
837 577 890 618 ab
905 577 1020 618 omni

200 632 420 683 originalis
439 633 581 686 culpae
595 634 693 676 labe
707 636 1020 687 praeservatam

199 688 449 738 immunem,
479 702 574 731 esse
601 703 626 731 a
650 691 747 731 Deo
773 690 1020 739 revelatam,

199 751 330 798 atque
350 745 514 788 idcirco
533 746 586 788 ab
604 746 804 788 omnibus
818 746 1021 788 fidelibus

198 803 379 844 firmiter
396 806 731 855 constanterque
747 802 1020 844 credendam.

200 861 477 912 Quapropter
497 860 533 901 si
549 860 622 912 qui
642 872 767 901 secus
783 872 833 901 ac
852 872 877 900 a
895 858 1022 901 nobis

200 915 424 957 definitum
448 921 529 966 est,
559 915 677 968 quod
699 916 819 957 Deus
844 918 1022 965 avertat,

199 973 559 1025 praesumpserint
599 972 733 1013 corde
774 975 953 1022 sentire,
993 972 1022 1012 ii

199 1029 400 1070 noverint
432 1042 482 1070 ac
514 1041 648 1081 porro
681 1029 819 1070 sciant
849 1042 896 1070 se
924 1031 1021 1081 pro-

200 1085 296 1137 prio
317 1084 475 1136 judicio
501 1084 832 1135 condemnatos,
856 1085 1023 1126 naufra-

200 1141 316 1192 gium
345 1142 458 1182 circa
487 1140 618 1183 fidem
649 1154 804 1194 passos
833 1154 949 1192 esse,
981 1148 1024 1183 et

201 1197 256 1240 ab
275 1198 439 1239 unitate
458 1197 668 1239 Ecclesiae
688 1197 910 1240 defecisse.

251 1264 298 1313 R».
329 1258 506 1309 Signum
524 1271 739 1310 magnum.
767 1260 860 1300 382.

421 1339 467 1376 In
488 1338 557 1376 ΙΙΙ.
578 1338 797 1376 Nocturno.

202 1401 354 1443 Lectio
380 1402 519 1443 sancti
538 1402 763 1454 Evangelii
785 1402 1024 1444 secundum

525 1458 699 1500 Lucam.

304 1520 451 1560 Lectio
475 1521 539 1559 vii.
726 1520 826 1571 Cap.
844 1522 870 1559 1.
888 1533 920 1559 c.

201 1576 277 1683 In
304 1580 379 1621 illo
409 1582 625 1632 tempore:
659 1581 816 1622 Missus
845 1586 911 1622 est
939 1581 1024 1621 An-

272 1636 395 1688 gelus
424 1636 602 1678 Gabriel
631 1650 656 1678 a
683 1638 779 1679 Deo
808 1636 851 1678 in
879 1637 1023 1679 civita-

202 1700 290 1736 tem
310 1693 516 1742 Galilaeae,
536 1693 603 1735 cui
623 1707 781 1735 nomen
794 1694 1025 1742 Nazareth,

203 1749 259 1792 ad
271 1750 497 1800 Virginem
511 1748 822 1802 desponsatam
836 1750 941 1799 viro,
957 1750 1026 1791 cui

204 1819 362 1847 nomen
386 1811 479 1848 erat
501 1806 526 1846 J
529 1806 682 1859 oseph,
708 1806 762 1847 de
787 1806 919 1848 domo
941 1807 1024 1848 Da-

204 1862 291 1911 vid,
319 1867 362 1904 et
387 1875 545 1904 nomen
569 1862 761 1913 Virginis
784 1863 931 1904 Maria.
970 1863 1027 1905 Et

204 1918 379 1971 reliqua.

209 1989 392 2030 llomilia
409 1989 546 2031 sancti
559 1989 793 2042 Epiphanii
806 1989 1027 2042 Episcopi.

228 2052 326 2082 Orat.
347 2050 390 2081 dt.-
415 2049 592 2081 laudibus
614 2050 647 2081 S.
668 2048 797 2081 Mari-„c
815 2047 1003 2089 Dcipnrtc.

211 2100 410 2166 *fuid
442 2100 602 2152 dicam,
639 2107 713 2144 aut
748 2102 853 2154 quid
884 2102 1027 2155 ΡΥόῙΟ·

355 2171 461 2210 quar
487 2157 542 2199 de
569 2158 781 2211 praeclara
808 2164 851 2200 et
879 2164 1027 2201 sancta

212 2216 291 2238 Ν
315 2217 324 2228 ²
354 2213 554 2265 Virgine?
582 2215 687 2256 Solo
708 2215 822 2256 enim
840 2216 937 2257 Deo
958 2228 1027 2257 ex-

208 2273 358 2324 cepto,
401 2271 568 2313 cunctis
607 2271 807 2324 superior
848 2272 1028 2314 exstitit:

207 2330 362 2369 natura
386 2327 618 2368 formosior
646 2333 711 2368 est
738 2327 843 2379 ipsis
870 2327 1029 2369 Cheru—

207 2383 297 2426 bim
316 2389 360 2425 et
378 2383 615 2436 Seraphim,
639 2389 682 2424 et
701 2384 817 2424 omni
837 2384 1030 2426 exercitu

208 2440 420 2490 angelico;
441 2440 510 2481 cui
527 2438 820 2492 praedicandae
839 2440 1030 2481 coelestis

209 2509 261 2538 ac
287 2498 459 2538 terrena
486 2496 631 2546 lingua
658 2496 832 2537 minime
861 2496 1030 2546 sufficit,

209 2552 296 2594 imo
315 2565 420 2593 vero
439 2565 520 2593 nec
539 2551 817 2603 Angelorum.
846 2551 883 2593 Ο
901 2551 1031 2593 beata

209 2609 366 2660 Virgo,
407 2608 610 2650 columba
646 2621 755 2660 pura
792 2613 835 2649 et
870 2620 1031 2660 sponsa

211 2665 401 2707 coelestis
426 2664 579 2713 Maria,
609 2663 785 2713 eoelum,
812 2663 1032 2716 templum,

211 2728 255 2764 et
281 2721 463 2764 thronus
492 2719 748 2770 divinitatis,
783 2732 881 2772 quae
909 2732 1030 2762 coru-

1072 296 1265 336 scantem
1286 295 1330 335 in
1354 295 1467 337 coelo
1488 300 1531 337 et
1553 295 1596 336 in
1619 300 1736 338 terra
1755 296 1892 338 solem

1071 350 1206 392 habes
1218 350 1451 393 Christum!
1467 351 1617 393 Nubes
1627 351 1782 402 lucida,
1795 365 1892 405 quae

1072 406 1213 457 fulgur
1249 406 1303 448 de
1340 407 1454 449 coelo
1490 407 1801 450 lucidissimum
1837 408 1893 450 ad

1072 462 1398 505 illuminandum
1431 463 1640 505 mundum
1676 463 1893 507 deduxisti

1075 518 1303 560 Christum.
1335 519 1431 561 Ave
1450 519 1589 570 gratia
1607 519 1747 573 plena⁷
1764 527 1894 574 porta

1073 575 1299 626 coelorum,
1328 575 1383 618 de
1409 589 1494 628 qua
1516 576 1559 616 in
1584 576 1772 618 Canticis
1794 590 1893 630 pro-

1072 631 1205 684 pheta
1235 632 1279 673 in
1312 631 1498 674 decursu
1529 633 1737 674 orationis
1766 633 1894 686 plane

1074 693 1117 729 et
1154 690 1304 741 aperte
1337 689 1613 741 proloquitur
1643 689 1895 730 inclamans:

1073 745 1239 786 Hortus
1256 745 1498 795 conclusus,
1518 758 1643 787 soror
1656 758 1754 787 mea
1768 759 1894 799 spon-

1074 814 1132 852 sa,
1151 801 1304 843 hortus
1320 802 1562 852 conclusus,
1580 802 1677 844 fons
1692 803 1896 854 signatus.

1130 862 1175 911 Rg.
1203 859 1369 900 Hortus
1394 858 1624 900 conclusus
1650 872 1776 900 soror
1800 872 1897 901 mea

1075 927 1251 967 sponsa,
1275 914 1428 956 hortus
1453 915 1700 965 conclusus,
1724 915 1821 957 fons
1845 915 1896 956 si-

1075 973 1246 1022 gnatus:
1273 977 1293 997 *
1321 971 1588 1012 Emissiones
1614 976 1702 1013 tuae
1726 971 1896 1024 paradi-

1075 1041 1159 1077 sus,
1181 1040 1207 1068 o
1227 1027 1374 1069 Maria.
1410 1024 1458 1074 δ”.
1484 1027 1620 1080 Aperi
1637 1027 1753 1078 mihi,
1772 1041 1898 1070 soror

1075 1097 1181 1134 mea,
1201 1086 1339 1125 amica
1353 1097 1460 1133 mea,
1480 1083 1682 1126 columba
1696 1097 1803 1134 mea,
1822 1084 1896 1125 im-

1075 1140 1290 1182 maculata
1308 1153 1415 1182 mea.
1443 1140 1709 1182 Emissiones
1727 1146 1826 1182 tuae.

1362 1199 1510 1239 Lectio
1532 1200 1612 1238 viii.

1076 1251 1260 1356 Virgo
1294 1258 1359 1295 est
1394 1253 1531 1294 lilium
1564 1253 1899 1304 immaculatum,

1182 1322 1280 1361 quae
1317 1322 1462 1351 rosam
1495 1308 1900 1351 immarcescibilem

1076 1365 1223 1416 genuit
1243 1365 1471 1407 Christum.
1510 1365 1547 1407 O
1574 1370 1724 1407 sancta
1741 1366 1898 1419 Deipa-

1077 1435 1139 1473 ra,
1168 1422 1262 1463 ovis
1289 1421 1566 1464 immaculata
1594 1435 1692 1474 quae
1718 1422 1900 1464 verbum

1077 1492 1130 1521 ex
1148 1484 1191 1520 te
1211 1479 1480 1520 incarnatum
1494 1479 1666 1530 Agnum
1682 1478 1899 1520 Christum

1076 1534 1305 1588 peperisti!
1361 1534 1398 1576 O
1435 1535 1572 1585 Virgo
1617 1535 1899 1586 sanctissima,

1079 1605 1176 1644 quae
1206 1591 1421 1633 exercitus
1449 1591 1717 1642 Angelorum
1742 1591 1786 1631 in
1813 1596 1899 1633 stu-

1077 1650 1231 1701 porem
1258 1647 1495 1689 deduxisti!
1535 1646 1807 1700 Stupendum
1834 1652 1900 1689 est

1077 1704 1333 1746 miraculum
1350 1704 1393 1744 in
1411 1703 1548 1753 coelis,
1570 1703 1724 1745 mulier
1743 1705 1901 1747 amicta

1079 1761 1188 1810 sole,
1216 1766 1391 1811 gestans
1418 1759 1560 1802 lucem
1586 1760 1630 1800 in
1656 1759 1784 1800 ulnis:
1813 1765 1899 1802 stu-

1078 1816 1270 1870 pendum
1293 1816 1550 1857 miraculum
1574 1816 1618 1857 in
1643 1815 1781 1866 coelis,
1809 1815 1900 1858 tha-

1079 1875 1217 1915 lamus
1236 1873 1427 1923 Virginis
1448 1871 1613 1914 habens
1631 1872 1787 1914 Filium
1804 1872 1901 1914 Dei:

1080 1928 1343 1983 stupendum
1386 1928 1642 1970 miraculum
1683 1928 1726 1969 in
1767 1928 1901 1978 coelis,

1079 1986 1293 2028 Dominus
1313 1985 1581 2036 Angelorum
1603 1985 1742 2026 infans
1760 1985 1901 2036 Virgi-

1079 2043 1144 2084 nis
1165 2042 1343 2084 effectus
1361 2047 1438 2084 est.
1465 2041 1622 2092 Angeli
1636 2040 1901 2083 accusabant

1080 2100 1265 2148 Hevam,
1292 2111 1406 2139 nunc
1430 2110 1535 2139 vero
1559 2097 1739 2139 Mariam
1763 2096 1902 2147 gloria

1080 2158 1414 2209 prosequuntur,
1433 2166 1531 2206 quae
1549 2153 1718 2206 lapsam
1731 2153 1900 2195 Hevam

1081 2211 1232 2261 erexit,
1258 2216 1301 2252 et
1319 2209 1537 2251 Adamum
1561 2222 1584 2251 e
1605 2208 1809 2262 paradiso
1830 2208 1901 2251 de-

1080 2269 1238 2321 jectum
1262 2267 1305 2308 in
1330 2267 1468 2308 coelos
1492 2266 1619 2308 misit.
1662 2266 1765 2318 Ipsa
1789 2266 1901 2307 enim

1081 2330 1148 2366 est
1175 2324 1275 2365 coeli
1303 2328 1346 2365 et
1371 2329 1500 2365 terrae
1527 2322 1774 2371 mediatrix,
1802 2335 1900 2374 quae

1081 2381 1283 2423 unionem
1300 2379 1552 2421 naturaliter
1571 2379 1749 2432 peregit.

1136 2441 1183 2491 R.
1209 2435 1458 2486 Magnificat
1479 2435 1622 2476 anima
1638 2447 1736 2476 mea
1753 2435 1901 2476 Domi-

1082 2507 1199 2536 num:
1225 2499 1245 2520 *
1270 2492 1380 2543 Quia
1402 2491 1504 2533 fecit
1525 2490 1629 2532 mihi
1652 2504 1807 2542 magna
1829 2491 1902 2543 qui

1082 2555 1239 2604 potens
1258 2553 1334 2598 est,
1354 2553 1398 2590 et
1416 2552 1614 2589 sanctum
1628 2560 1786 2588 nomen
1801 2548 1902 2600 ejus.

1089 2606 1133 2655 δ”.
1159 2606 1273 2647 Ecce
1302 2605 1414 2646 enim
1444 2617 1498 2646 ex
1525 2603 1609 2645 hoc
1637 2603 1811 2645 beatam
1834 2615 1902 2645 me

1084 2662 1230 2705 dicent
1258 2673 1409 2703 omnes
1435 2660 1746 2711 generationes.
1783 2660 1902 2710 Quia.

1085 2718 1236 2760 (iloria
1253 2717 1382 2759 Patri.
1410 2717 1530 2768 Quia.
