2080 2990
804 231 1013 263 (Iommunc
1042 230 1327 272 Apostolorum.

272 329 425 369 licncd.
465 327 612 378 (iuius,
648 329 710 368 vcl
749 332 944 376 Quorum
981 327 1037 368 fe-

213 390 327 426 stum
356 378 550 425 colimus.

500 443 647 482 Lectio
671 443 751 481 viii.
1028 480 1034 486 ,

260 511 285 537 n
307 498 649 548 regeneratione,
674 510 774 539 cum
794 497 958 539 sederit
971 497 1037 537 Fi-

280 554 363 595 lius
388 554 578 595 heminis
600 554 643 594 in
669 554 774 595 sede
799 553 1038 605 majestatis

212 623 303 651 suae
331 610 521 663 (quando
550 616 594 652 et
620 611 782 652 mertui
810 610 865 652 de
891 623 1037 651 corru-

211 667 361 719 ptione
381 670 610 718 resurgent
625 667 892 719 incorrapti),
915 666 1037 708 sede—

211 723 314 765 bitis
343 730 386 765 et
414 737 493 765 vos
521 724 566 764 in
594 723 715 765 soliis
744 723 1037 775 judicantium,

212 780 556 822 condemnantes
571 779 805 822 duedecim
823 779 963 821 tribus
977 780 1037 820 Is-

211 837 318 878 rael:
357 837 458 889 quia
486 836 611 878 vobis
642 835 939 886 credentibus,
976 836 1037 877 illi

211 893 391 935 credere
421 893 664 934 noluerunt.
708 894 764 934 Et
792 893 934 934 omnis
965 893 1038 945 qui

210 950 434 1002 reliquerit
458 949 648 998 domum,
677 949 746 991 vel
768 950 935 999 fratres,
964 954 1038 991 aut

211 1009 403 1055 soreres,
431 1011 506 1047 aut
529 1011 714 1059 patrem,
743 1011 817 1047 aut
840 1011 1037 1056 matrem,

210 1069 285 1105 aut
310 1065 508 1113 uxorem,
547 1068 621 1104 aut
644 1063 774 1112 filios,
808 1068 883 1104 aut
907 1075 1038 1114 agros

210 1125 393 1173 propter
412 1132 572 1161 nomen
591 1132 753 1169 meum,
783 1119 1038 1172 centuplum

210 1177 411 1229 accipiet,
441 1182 484 1219 et
508 1177 641 1218 vitam
665 1178 875 1218 aeternam
899 1177 1036 1229 possi-

208 1233 339 1275 debit.
379 1234 525 1275 Locus
550 1233 632 1274 iste
653 1246 754 1274 cum
773 1233 847 1274 illa
866 1234 1036 1274 senten·

206 1290 267 1331 tia
296 1291 513 1341 cengruit,
554 1290 599 1330 in
628 1303 714 1342 qua
741 1289 943 1331 Salvator
975 1289 1036 1331 Ιό-

208 1347 368 1399 quitur:
408 1347 509 1388 Non
540 1346 639 1388 veni
668 1359 824 1399 pacem
851 1349 1036 1395 mittere,

207 1402 287 1444 sed
311 1402 515 1454 gladium.
556 1403 671 1444 Veni
696 1403 811 1444 enim
831 1405 1036 1456 separare

206 1459 429 1501 hominem
458 1473 482 1501 a
510 1464 634 1512 patre
659 1472 755 1509 suo,
784 1465 828 1501 et
850 1465 1036 1501 matrem

206 1529 230 1557 a
247 1516 345 1566 filia,
367 1522 410 1558 et
425 1530 581 1558 nurum
602 1529 626 1557 a
646 1529 791 1558 socru:
812 1521 855 1558 et
874 1516 1037 1557 inimici

205 1572 394 1614 heminis
421 1573 654 1614 domestici
680 1574 781 1624 ejus.
822 1573 906 1623 Qui
931 1585 1036 1623 ergo

206 1634 389 1682 propter
408 1629 542 1671 fidem
561 1629 734 1678 Christi,
763 1635 807 1671 et
826 1629 1036 1682 praedica-

206 1686 371 1727 tienem
395 1685 637 1737 Evangelii,
675 1699 828 1727 omnes
854 1685 1037 1727 affectus

208 1743 570 1795 contempserint,
614 1747 746 1795 atque
782 1742 957 1784 divitias
995 1747 1039 1784 et

208 1799 357 1840 saeculi
385 1799 649 1852 voluptates:
685 1800 756 1840 isti
785 1799 1038 1852 centuplum

210 1856 434 1908 recipient,
454 1861 498 1897 et
517 1856 652 1898 vitam
671 1858 881 1897 aeternam
900 1856 1037 1908 possi-

212 1911 388 1953 debunt.
852 1941 859 1947 -

263 1971 309 2021 Rg.
340 1969 418 2010 Isti
438 1974 539 2010 sunt
557 1969 637 2010 viri
656 1969 807 2018 sancti,
829 1981 939 2021 quos
956 1969 1038 2011 ele-

211 2025 274 2076 git
294 2026 508 2067 Dominus
534 2027 578 2067 in
602 2027 785 2068 caritate
810 2039 898 2067 non
925 2026 1039 2076 ficta,

213 2087 256 2122 et
276 2081 398 2123 dedit
417 2082 501 2123 illis
515 2082 698 2134 gleriam
714 2083 1039 2136 sempiternam:

210 2140 229 2161 *
253 2138 449 2187 Quorum
465 2139 664 2181 doctrina
680 2139 816 2190 fulget
831 2139 1039 2189 Ecclesia,

214 2199 261 2236 ut
285 2194 378 2236 sole
402 2195 514 2236 luna.
553 2192 598 2242 δ”.
632 2196 779 2238 Sancti
804 2209 884 2249 per
907 2196 1040 2238 fidem

213 2251 410 2293 vicerunt
433 2265 582 2303 regna:
610 2253 779 2305 operati
799 2258 900 2294 sunt
924 2254 1040 2305 justi-

213 2308 329 2348 tiam.
358 2309 565 2359 Quorum.
593 2309 756 2350 Gloria.
785 2310 992 2359 Quorum.

266 2365 423 2406 Bened.
460 2364 531 2406 Ad
550 2365 817 2407 societatem.

510 2426 660 2467 Lectio
683 2428 733 2467 ix.

292 2491 321 2518 x
363 2477 595 2519 occasiene
640 2477 764 2528 hujus
813 2478 1039 2519 sententiae

319 2534 495 2587 quidam
522 2533 806 2575 introducunt
829 2534 945 2575 mille
969 2547 1040 2575 an-

213 2604 294 2632 nos
313 2596 414 2643 post
435 2591 811 2639 resurrectionem,
833 2590 1040 2639 dicentes,

214 2653 317 2689 tune
342 2646 469 2688 nobis
493 2647 744 2699 centuplum
767 2647 959 2688 emnium
979 2660 1041 2688 re-

214 2717 310 2745 rum
338 2717 446 2756 quas
471 2703 729 2751 dimisimus,
764 2708 808 2745 et
827 2703 962 2744 vitam
987 2717 1041 2744 ae-

214 2762 382 2802 ternam
410 2773 506 2802 esse
535 2759 822 2802 reddendam:
864 2773 952 2801 non
980 2760 1040 2800 in-

1090 326 1350 377 telligentes,
1380 327 1517 380 quod,
1546 328 1583 369 si
1607 328 1651 369 in
1675 330 1831 371 ceteris
1856 329 1917 371 di-

1089 396 1173 434 gna
1206 384 1262 424 sit
1294 385 1594 437 repromissio,
1631 385 1674 426 in
1705 386 1916 428 uxoribus

1090 442 1302 493 appareat
1329 441 1575 494 turpitudo:
1611 447 1659 483 ut
1685 443 1758 495 qui
1787 456 1916 484 unam

1089 509 1170 549 pro
1194 497 1386 539 Domino
1407 497 1629 548 dimiserit,
1657 504 1831 541 centum
1852 513 1915 542 rc-

1089 554 1222 606 cipiat
1245 554 1288 594 in
1315 554 1474 596 futaro.
1516 554 1678 596 Sensus
1705 568 1809 607 ergo
1834 557 1916 600 iste

1089 615 1170 652 est:
1198 611 1281 661 Qui
1301 611 1490 652 carnalia
1510 623 1591 664 pro
1609 611 1837 654 Salvatore
1856 612 1916 654 di-

1088 668 1270 717 miserit,
1307 668 1549 720 spiritualia
1582 669 1778 721 recipiet:
1818 683 1916 722 quae

1089 725 1417 777 comparati6ne
1446 730 1490 766 et
1517 725 1674 766 merito
1703 725 1769 766 sui
1791 726 1852 767 ita
1876 739 1916 768 e-

1089 785 1199 829 runt,
1219 781 1344 833 quasi
1363 782 1399 822 si
1414 794 1552 834 parvo
1573 784 1756 823 namero
1776 787 1917 824 cente-

1088 838 1235 879 narius
1254 841 1461 880 numerus
1481 840 1772 891 comparetur.

1147 900 1292 934 Deinde
1312 901 1450 935 dicitur
1471 900 1660 944 Hymnus:

1145 952 1205 992 Te
1223 951 1367 992 Deum
1387 951 1627 993 laudamus.
1652 953 1710 992 14.

1353 1023 1432 1064 Ad
1454 1023 1651 1065 Laudes

1311 1092 1329 1113 c
1344 1085 1356 1113 t
1394 1090 1417 1122 p
1434 1092 1452 1113 c
1467 1089 1484 1112 r
1523 1077 1553 1111 H
1570 1088 1592 1111 o
1608 1089 1624 1111 r
1640 1090 1658 1111 u
1675 1088 1702 1111 s‘.

1147 1136 1242 1175 Ant.
1271 1138 1295 1175 l.
1332 1135 1426 1175 Hoc
1446 1138 1513 1175 est
1535 1135 1809 1187 praeceptum
1830 1147 1917 1175 me-

1088 1205 1177 1241 um,
1200 1191 1223 1216 *
1257 1196 1304 1232 ut
1338 1190 1526 1242 diligatis
1563 1191 1766 1240 invicem,
1804 1191 1916 1232 sicut

1088 1247 1220 1289 dilexi
1248 1260 1338 1289 vos.

1147 1306 1298 1346 l'salm.
1331 1304 1543 1346 Dominus
1576 1304 1784 1355 regnavit.
1822 1317 1918 1345 cum

1093 1363 1282 1414 reliquis.
1307 1361 1365 1402 15.

1143 1420 1178 1459 2.
1215 1418 1426 1470 Majerem
1464 1418 1691 1459 caritatem
1727 1418 1750 1443 *
1786 1430 1916 1460 nemo

1087 1474 1232 1523 habet,
1252 1479 1300 1516 ut
1320 1475 1508 1516 animam
1529 1487 1652 1515 suam
1668 1479 1805 1527 ponat
1821 1474 1917 1526 quis

1088 1544 1170 1584 pro
1191 1531 1341 1572 amicis
1361 1531 1461 1572 suis.

1144 1591 1180 1628 3.
1210 1589 1299 1629 Vos
1321 1588 1448 1629 amici
1467 1588 1553 1629 mei
1573 1587 1689 1637 estis,
1708 1587 1732 1612 *
1752 1587 1788 1628 si
1807 1587 1918 1629 fece-

1090 1645 1182 1686 ritis
1203 1657 1301 1697 quae
1321 1644 1531 1697 praecipio
1551 1643 1689 1693 vobis,
1709 1643 1816 1685 dicit
1829 1644 1917 1685 Do-

1089 1714 1242 1742 minus.

1143 1761 1179 1798 4.
1210 1758 1331 1799 Beati
1354 1757 1541 1810 pacifici,
1559 1758 1583 1783 *
1611 1757 1730 1799 beati
1753 1755 1917 1798 mundo

1091 1813 1239 1856 corde:
1279 1815 1484 1867 queniam
1510 1814 1596 1867 ipsi
1623 1814 1768 1855 Deum
1801 1813 1918 1855 vide-

1091 1871 1211 1912 bunt

1143 1930 1179 1967 5.
1212 1930 1260 1969 ln
1284 1928 1494 1982 patientia
1513 1932 1660 1969 vestra
1680 1928 1703 1953 *
1723 1925 1919 1980 posside-

1090 1984 1192 2026 bitis
1212 1985 1379 2027 animas
1398 1990 1578 2027 vestras.

1171 2055 1431 2106 Capitulum.
1536 2104 1541 2111 .
1577 2053 1734 2106 Epth.
1750 2055 1785 2094 2.
1802 2053 1839 2094 d.

1091 2111 1326 2217 Fratres:
1354 2116 1377 2156 J
1381 2128 1451 2156 am
1474 2128 1563 2156 non
1587 2114 1692 2156 estis
1710 2113 1919 2166 hespites,

1189 2177 1232 2215 et
1247 2171 1444 2214 advenae:
1470 2170 1550 2213 sed
1568 2171 1673 2213 estis
1692 2170 1809 2212 cives
1826 2182 1919 2211 san-

1093 2230 1280 2279 ct6rum‚
1314 2233 1357 2270 et
1385 2227 1613 2270 domestici
1641 2227 1738 2268 Dei:
1770 2239 1919 2279 super-

1093 2285 1298 2327 aedificati
1313 2297 1444 2338 super
1459 2283 1789 2326 fundamentum
1801 2283 1920 2335 Apo·

1093 2341 1307 2383 stolorum
1349 2346 1392 2382 et
1427 2340 1768 2393 Prophetarum,
1820 2339 1919 2392 ipso

1094 2403 1219 2439 suffio
1239 2397 1435 2449 angulari
1453 2396 1599 2449 lapide
1615 2396 1789 2438 Christo
1805 2397 1828 2437 J
1833 2409 1920 2438 esu.

1144 2454 1193 2506 Rg.
1222 2455 1320 2496 Deo
1340 2454 1514 2506 gratias.

1399 2520 1608 2571 Hymnus

1196 2589 1360 2631 xsilltet
1381 2588 1500 2630 orbis
1520 2587 1708 2640 gaadiis:

1223 2645 1393 2687 Coelum
1413 2644 1596 2686 resultet
1614 2644 1835 2686 laudibus:

1172 2701 1491 2755 Apostolerum
1510 2701 1695 2752 gloriam

1172 2758 1322 2800 Tellus
1342 2763 1385 2799 et
1404 2762 1520 2799 astra
1539 2758 1785 2799 concinunt.
