2040 2990
563 213 631 246 Die
656 216 684 246 ὑὶ.
714 214 798 246 Dec.

191 307 236 345 In
258 306 390 346 Laud.
428 308 522 347 Ant.
557 308 674 356 Euge
698 318 822 347 serve
841 306 956 348 bone

138 365 181 402 et
197 359 354 411 fidelis,
377 361 476 413 quia
494 362 538 402 in
557 374 699 414 pauca
717 362 834 404 fuisti
852 362 955 404 fide-

136 416 204 466 lis,
229 430 360 470 supra
378 418 514 460 multa
532 423 575 459 te
597 422 873 470 constituam,
895 419 955 460 in-

135 478 204 514 tra
221 474 264 514 in
282 473 487 524 gaudium
505 475 681 517 Domini
699 477 772 518 tui.

188 527 236 578 N.
253 529 277 570 J
280 535 426 572 ustum
445 530 627 574 dednxit
645 533 858 574 Dominus
876 545 956 585 per

134 586 227 627 vias
246 591 398 628 rectas.
438 590 481 639 Ν.
509 588 565 630 Et
592 588 783 631 ostendit
806 589 867 630 illi
893 602 955 631 re-

134 654 266 692 gnum
284 643 377 685 Dei.

332 730 415 772 Die
435 732 472 772 6.
491 731 759 774 Decembris.

227 794 270 835 S.
294 794 484 836 Nicolai
513 797 650 847 Episc.
677 804 717 836 ct
745 798 862 836 (mnf.

464 857 621 899 Duplex.

186 908 320 941 Omnia
346 908 390 942 de
411 908 608 942 Communi
633 908 738 941 (tons.
761 909 864 942 l'ont.
884 906 954 950 [49]

135 961 273 998 practer
297 966 400 998 sequ.
578 992 583 998 ‚

466 994 625 1031 Oratio.

220 1054 306 1091 eus,
323 1042 397 1094 qui
410 1042 586 1085 beatum
600 1043 830 1086 Nicolaum
843 1046 954 1086 Pon-

236 1097 398 1139 tificem
447 1099 684 1143 innumeris
736 1100 955 1143 decorasti

132 1153 365 1195 miraculis:
412 1155 554 1198 tribue
598 1159 862 1209 quaesumus3
907 1163 955 1200 ut

134 1210 223 1260 ejus
242 1211 406 1252 meritis
427 1216 469 1253 et
485 1213 687 1264 precibus
704 1227 729 1254 a
744 1214 954 1265 gehennae

132 1265 340 1307 incendiis
353 1267 595 1310 liberemur.
613 1270 697 1311 Per
706 1270 953 1311 Dominum.

184 1325 330 1359 Deinde
358 1327 395 1360 tit
421 1337 613 1361 commem.
644 1328 771 1361 Feriam

181 1377 221 1410 In
256 1378 280 1410 l.
311 1378 508 1412 Nocturno
544 1379 744 1414 Lectiones·
779 1382 823 1414 d«.-
854 1383 948 1415 Scri—

129 1430 239 1468 ptura
265 1432 494 1460 oecurrente.

359 1487 408 1525 In
427 1487 475 1525 11.
496 1488 716 1527 Nocturno.

429 1546 576 1587 IAectiU
599 1548 647 1586 ἰν.

140 1615 236 1653 »ff«
263 1603 462 1654 icolaum,
487 1604 643 1647 illustri
662 1605 762 1647 loeo
781 1607 952 1648 Patarae

163 1669 167 1675 f
202 1661 255 1722 124,
276 1660 319 1700 in
344 1660 478 1712 Lycia
502 1666 667 1712 natum,
694 1665 900 1715 parentes
927 1677 952 1705 a

276 1716 374 1758 Deo
409 1717 613 1769 precibus
653 1719 951 1771 impetrarunt.

133 1771 262 1823 Cujus
281 1773 363 1814 viri
382 1774 605 1824 sanctitas,
627 1781 787 1827 quanta
805 1775 951 1818 futura
972 1818 974 1831 ‚

972 1833 975 1870 ῑ
1002 1832 1047 1872 in
1079 1844 1131 1873 ea
1163 1831 1476 1874 deliberatione
1512 1832 1717 1875 divinitus
1749 1834 1821 1876 ad-

132 1834 256 1878 esset,
274 1829 358 1880 jam
378 1829 432 1871 ab
451 1830 721 1872 incunabulis
740 1833 950 1884 apparuit.

129 1885 244 1926 Nam
261 1885 415 1935 infans,
442 1898 540 1927 cum
558 1886 750 1938 reliquos
771 1887 864 1929 dies
883 1889 950 1930 lac

129 1942 307 1983 nutricis
338 1942 540 1994 frequens
574 1946 763 1994 sugeret,
797 1951 950 1996 quarta

131 2003 174 2040 et
199 2003 323 2040 sexta
340 1998 446 2040 feria
467 1999 600 2041 semel
620 1998 863 2050 dumtaxat,
887 2001 949 2042 id-

131 2066 215 2106 que
234 2055 406 2107 vesperi
430 2054 626 2107 sugebat:
652 2068 782 2107 quam
807 2057 949 2109 jejunii

130 2111 489 2152 consuetudinem
504 2111 547 2152 in
561 2111 730 2164 reliqua
744 2113 833 2154 vita
849 2125 950 2155 sem-

128 2179 207 2219 per
224 2167 372 2209 tenuit.
406 2167 678 2209 Adolescens
697 2169 948 2220 parentibus

130 2222 324 2273 orbatus,
358 2223 586 2266 facultates
619 2237 719 2265 suas
750 2226 948 2277 pauperi-

128 2277 209 2320 bus
233 2278 464 2321 distribuit.
500 2280 629 2332 Cujus
652 2281 759 2322 illud
783 2281 948 2332 insigne

129 2339 196 2375 est
222 2334 469 2377 christianae
497 2336 776 2388 benignitatis
808 2340 947 2378 exem-

128 2390 262 2441 plum3
291 2390 410 2443 quod
437 2405 536 2433 cum
564 2394 654 2444 ejus
683 2394 790 2434 civis
816 2406 947 2444 egens

127 2450 218 2487 tres
241 2446 353 2488 filias
377 2448 461 2499 jam
479 2448 648 2490 nubiles
667 2450 710 2490 in
729 2450 947 2491 matrimo-

128 2502 201 2543 nio
230 2502 446 2545 collocare
472 2517 559 2546 non
587 2510 754 2557 posset,
784 2509 946 2547 earum-

129 2570 213 2609 que
231 2558 484 2610 pudicitiam
503 2562 767 2613 prostituere
787 2562 946 2612 cogita-

127 2611 208 2663 ret3
227 2626 274 2655 re
292 2616 476 2666 cognita,
494 2617 704 2659 Nicolaus
719 2623 851 2659 noctu
869 2630 947 2670 per

127 2669 361 2711 fenestram
383 2675 551 2714 tantum
572 2675 771 2726 pecuniae
792 2675 836 2714 in
857 2675 945 2726 ejus

128 2724 304 2767 domum
322 2726 477 2778 injecit,
497 2734 706 2780 quantum
722 2732 849 2771 unius
865 2731 945 2770 vir-

846 217 880 247 S.
907 215 1055 248 Nicolai
1084 216 1207 257 Epist:
1235 226 1264 250 ct
1296 219 1401 251 (tons.

1765 216 1832 251 373

1008 306 1120 357 ginis
1154 306 1247 348 doti
1280 308 1386 350 satis
1419 315 1547 352 esset:
1584 312 1703 364 quod
1732 325 1830 354 cum

1007 365 1166 405 iterum
1191 369 1234 405 et
1258 366 1389 407 tertio
1414 366 1602 419 fecisset,
1631 373 1719 410 tres
1743 370 1829 411 illae

1007 420 1198 471 virgines
1217 420 1412 463 honestis
1427 423 1530 464 viris
1549 424 1591 464 in
1611 426 1829 468 matrimo-

1007 477 1126 517 nium
1145 477 1261 518 datae
1280 483 1390 519 sunt.

1064 536 1111 586 R.
1137 534 1289 575 Inveni
1307 535 1453 577 David
1475 549 1648 578 servum
1675 552 1829 588 meum,

1008 590 1108 631 oleo
1133 595 1285 632 sancto
1310 604 1408 633 meo
1435 593 1538 633 unxi
1564 606 1680 634 eum:
1702 600 1719 619 *
1741 595 1828 636 Ma-

1007 660 1089 687 nus
1104 647 1218 688 enim
1231 660 1330 688 mea
1344 648 1623 690 auxiliabitur
1639 651 1688 691 ei.
1707 648 1734 696 δ”
1748 686 1751 690 .
1763 652 1830 692 Ni-

1007 703 1068 743 hil
1082 703 1286 756 proficiet
1305 704 1504 746 inimicus
1521 706 1563 747 in
1580 720 1642 756 eo,
1658 712 1700 748 et
1715 708 1828 749 filius

1008 760 1250 812 iniquitatis
1272 773 1359 802 non
1382 762 1559 804 nocebit
1583 764 1631 804 ei.
1665 764 1828 805 Manus.

1319 822 1467 862 Lectio
1491 838 1523 861 ν.

1009 871 1156 977 Cum
1184 886 1289 914 vero
1318 886 1364 915 se
1395 879 1537 916 totum
1564 877 1659 918 Deo
1689 876 1828 919 dedis-

1097 934 1179 979 set,
1215 931 1259 970 in
1293 930 1571 973 Palaestinam
1606 934 1828 985 profectus

1008 991 1091 1036 est,
1112 991 1160 1027 ut
1178 986 1275 1027 loca
1294 993 1444 1029 sancta
1464 991 1637 1040 viseret,
1658 995 1701 1031 et
1719 1004 1827 1043 prae-

1007 1055 1107 1084 sens
1127 1045 1418 1085 veneraretur.
1452 1046 1546 1095 Qua
1570 1046 1614 1086 in
1639 1047 1827 1098 peregri-

1006 1100 1182 1141 natione
1224 1112 1381 1141 navem
1421 1102 1720 1144 conscendens
1764 1116 1826 1145 se-

1006 1158 1111 1196 reno
1133 1155 1257 1205 coelo,
1281 1161 1323 1197 et
1341 1158 1573 1210 tranquillo
1593 1159 1712 1209 mari,
1732 1160 1826 1201 hor-

1006 1212 1176 1253 ribilem
1204 1213 1345 1254 nautis
1378 1217 1686 1266 tempestatem
1717 1230 1826 1268 prae-

1007 1268 1130 1309 dixit:
1157 1281 1346 1320 moxque
1373 1274 1528 1320 ortam,
1557 1284 1655 1312 cum
1682 1278 1827 1314 essent

1006 1337 1157 1366 omnes
1185 1325 1228 1365 in
1256 1339 1425 1367 summo
1454 1327 1667 1379 periculo,
1697 1341 1825 1370 orans

1004 1381 1259 1423 mirabiliter
1280 1381 1460 1424 sedavit.
1487 1383 1612 1425 Unde
1632 1396 1730 1425 cum
1750 1384 1824 1426 do·
1869 1399 1874 1428 ς

1004 1451 1123 1478 mum
1147 1440 1347 1479 reversus
1372 1439 1600 1490 singularis
1624 1442 1824 1482 sanctita-

1003 1494 1059 1535 tis
1084 1494 1284 1536 omnibus
1308 1495 1570 1537 documenta
1593 1497 1824 1549 praeberet:

1002 1550 1085 1591 Dei
1105 1550 1331 1593 admonitu
1349 1551 1534 1603 Myram,
1561 1566 1658 1604 quae
1678 1554 1824 1606 Lyciae

1002 1607 1260 1659 metropolis
1294 1612 1402 1657 erat,
1434 1608 1569 1649 venit:
1602 1622 1688 1661 quo
1719 1611 1824 1650 tem-

1003 1676 1112 1715 pore
1139 1664 1229 1714 ejus
1258 1663 1376 1705 urbis
1406 1666 1614 1717 episcopo
1640 1668 1823 1714 mortuo,

1003 1719 1293 1772 provinciales
1314 1721 1509 1773 episcopi
1528 1720 1583 1762 de
1603 1725 1822 1763 successo-

1003 1788 1050 1817 re
1070 1775 1301 1826 deligendo
1322 1776 1637 1818 consultabant.
1669 1778 1822 1830 Itaque

1001 1889 1154 1930 moniti
1173 1894 1289 1938 sunt,
1316 1893 1363 1930 ut
1382 1901 1480 1930 eum
1500 1889 1723 1940 eligerent,
1748 1892 1822 1943 qui

1001 1944 1214 1997 postridie
1251 1958 1377 1986 mane
1413 1945 1580 1997 primus
1611 1946 1654 1986 in
1688 1947 1820 1989 eccle-

1002 2002 1111 2042 siam
1145 2000 1461 2052 ingrederetur,
1504 2002 1712 2043 Nicolaus
1747 2005 1821 2045 no-

1001 2058 1126 2098 mine.
1164 2058 1259 2107 Qua
1285 2056 1591 2100 observatione
1618 2058 1821 2110 adhibita,

1001 2114 1044 2153 in
1068 2113 1264 2154 ecclesiae
1287 2115 1414 2166 janua
1440 2113 1734 2167 deprehensus
1756 2121 1822 2157 est

1000 2169 1226 2219 Nicolaus,
1252 2174 1295 2211 et
1319 2183 1488 2212 summo
1513 2172 1704 2213 omnium
1721 2185 1820 2214 con-

1001 2227 1130 2267 sensu
1148 2226 1284 2278 Myrae
1304 2229 1539 2280 episcopus
1559 2230 1740 2270 creatur.
1769 2230 1819 2269 In

1001 2282 1259 2334 episcopatu
1278 2283 1538 2334 castitatem,
1564 2297 1693 2336 quam
1712 2298 1818 2326 sem-

999 2351 1078 2390 per
1097 2338 1302 2389 coluerat,
1321 2340 1591 2390 gravitatem,
1611 2341 1818 2382 orationis

1000 2394 1319 2446 assiduitatem,
1365 2396 1550 2447 vigilias,
1602 2396 1817 2438 abstinen-

998 2451 1118 2500 tiam,
1142 2450 1463 2502 liberalitatem,
1489 2457 1532 2494 et
1550 2452 1816 2505 hospitalita-

999 2511 1106 2556 tem,
1142 2507 1186 2547 in
1218 2507 1495 2550 adhortando
1527 2508 1816 2550 mansuetudi-

998 2575 1113 2612 nem,
1149 2563 1193 2603 in
1225 2564 1585 2616 reprehendendo
1614 2566 1815 2606 severita-

997 2623 1086 2659 tem
1105 2622 1321 2672 perpetuo
1342 2620 1551 2663 adhibuit.

998 2707 1000 2711 .
1048 2675 1095 2724 Κ.
1130 2675 1264 2716 Posui
1292 2676 1555 2728 adjutorium
1582 2690 1712 2729 super
1739 2689 1813 2729 po-

997 2731 1179 2781 tentem,
1222 2737 1265 2773 et
1307 2732 1497 2774 exaltavi
1537 2733 1721 2775 electum
1759 2732 1813 2774 de
