2080 2990
795 194 835 226 ln
865 193 1114 227 l)cdicmi‹›nc
1145 191 1335 224 Ecclesiae.

495 288 690 327 psalmus
711 289 775 326 98.

221 343 303 447 D
314 351 484 392 ominus
500 350 708 401 regnavit,
718 349 961 390 irascantur
974 348 1050 399 po-

333 407 438 460 puli:
457 407 479 432 *
501 407 574 459 qui
595 405 719 447 sedet
738 418 870 458 super
891 404 1050 445 Cheru-

222 464 322 513 bim,
350 465 580 505 moveatur
599 467 727 504 terra.

273 520 489 561 Dominus
519 520 563 560 in
591 519 695 561 Sion
722 530 921 568 magnus:
953 516 976 542 *
1009 520 1051 557 et

222 576 420 618 excelsus
441 589 572 629 super
593 588 745 617 omnes
764 572 966 627 pepulos.

275 633 578 675 Confiteantur
598 631 761 673 nomini
780 636 856 671 tuo
876 640 1050 679 magno:
1106 652 1207 679 w

223 690 430 743 quoniam
448 688 658 737 terribile,
687 692 730 729 et
751 691 950 727 sanctum
969 689 1050 726 est:
1106 677 1225 746 'A‘

221 748 244 772 *
265 752 308 788 et
326 746 467 787 honor
488 746 602 796 regis
623 744 829 797 judicium
849 742 999 793 diligit.

273 803 342 844 Tu
375 802 539 855 parasti
576 801 856 843 directiones:
888 799 911 823 *
944 797 1049 849 judi-

222 861 336 901 cium
352 865 395 901 et
409 859 615 911 justitiam
629 858 673 899 in
683 855 821 898 Jacob
837 861 884 897 tu
900 854 1050 896 fecisti.

273 915 474 957 Exaltate
515 914 751 955 Deminum
791 913 934 953 Deum
975 924 1050 953 no-

221 979 369 1022 strum,
381 977 424 1014 et
437 971 616 1013 adorate
633 969 872 1012 scabellum
887 967 1050 1021 pedum

222 1030 326 1082 ejus:
344 1030 367 1054 *
389 1029 596 1081 quoniam
616 1032 817 1068 sanctum
837 1030 937 1069 est..

271 1086 449 1138 Moyses
463 1090 507 1126 et
520 1085 671 1125 Aaron
686 1084 730 1124 in
746 1081 1050 1124 sacerdOtibus

222 1144 326 1195 ejus:
345 1143 368 1168 *
389 1147 432 1184 et
451 1141 625 1183 samuel
643 1141 755 1181 inter
775 1152 868 1189 eos,
899 1139 972 1192 qui
990 1140 1050 1179 in-

221 1204 381 1240 vocant
399 1211 559 1239 nomen
579 1199 686 1249 ejus:

271 1254 542 1296 Invocabant
578 1254 835 1303 Deminum,
878 1257 922 1293 et
956 1252 1050 1304 ipse

221 1311 483 1353 exaudiebat
499 1323 588 1352 eos:
605 1311 628 1336 *
646 1310 689 1351 in
705 1309 908 1351 columna
922 1307 1050 1350 nubis

220 1368 482 1421 loquebatur
502 1367 559 1409 ad
580 1380 669 1409 eos,

273 1424 591 1466 Custodiebant
616 1423 867 1465 testimonia
896 1423 1002 1474 ejus,
1027 1422 1050 1446 *

222 1486 265 1523 et
283 1483 557 1534 praeceptum
577 1480 698 1532 quod
719 1479 840 1521 dedit
859 1478 954 1520 illis.

272 1539 460 1579 Domine
475 1538 596 1579 Deus
614 1541 763 1578 noster
782 1541 830 1577 tu
850 1534 1050 1577 exaudie-

221 1594 300 1636 bas
326 1607 417 1636 eos:
436 1595 459 1619 *
479 1595 599 1635 Deus
618 1598 666 1635 tu
689 1593 907 1646 propitius
933 1592 1050 1633 fuisti

222 1652 294 1701 eis,
314 1656 357 1693 et
375 1651 591 1693 ulciscens
611 1651 655 1690 in
675 1663 827 1706 omnes
847 1648 1051 1691 adinven—

222 1708 364 1749 tiones
385 1710 548 1749 eorum.

273 1764 478 1806 Exaltate
518 1764 757 1805 Dominum
793 1763 937 1804 Deum
977 1774 1051 1803 no-

223 1826 372 1870 strum,
401 1826 444 1862 et
464 1820 646 1863 adorate
665 1821 710 1861 in
728 1824 878 1861 monte
899 1822 1051 1859 sancto

224 1879 330 1930 ejus:
358 1878 381 1903 *
411 1878 619 1930 quoniam
638 1881 816 1918 sanctus
835 1875 1052 1917 Dominus

224 1934 345 1976 Deus
365 1938 526 1976 noster.

278 1995 373 2033 Ant.
416 1990 655 2032 Benedicta
686 1990 826 2041 gloria
858 1988 1052 2038 Domini,

226 2046 280 2088 de
299 2047 399 2089 loco
420 2051 572 2088 sancto
593 2060 684 2097 suo,
704 2046 886 2098 alleluja.

276 2103 324 2150 Y.
358 2104 467 2145 Haec
497 2108 563 2145 est
591 2103 748 2145 domus
777 2102 956 2144 Domini
983 2101 1052 2142 fir-

224 2160 351 2201 miter
375 2159 604 2201 aedificata.
642 2163 691 2214 Rg.
722 2160 842 2201 Bene
870 2158 1053 2201 fundata

225 2221 293 2258 est
312 2229 445 2269 supra
464 2216 633 2257 firmam
652 2221 833 2269 petram.

275 2273 402 2315 Pater
429 2277 589 2314 noster.

280 2327 525 2369 Absolutio.
555 2330 594 2368 Av
615 2329 808 2370 vinculis.

276 2382 325 2432 Y.
354 2386 467 2428 Jube
491 2385 662 2427 domne.

280 2442 438 2483 ssened.
468 2441 733 2493 Evangelica
751 2441 893 2483 lectio.

227 2503 380 2545 Lectio
404 2503 543 2545 sancti
562 2502 789 2555 Evangelii
813 2500 1055 2544 secundum

554 2555 730 2597 Lucam.

328 2613 478 2653 Lectio
503 2614 566 2653 vii.
768 2614 870 2664 Cap.
892 2615 947 2653 19.

226 2664 303 2772 In
330 2668 405 2711 illo
434 2671 647 2722 tempore:
675 2670 903 2719 Ingressus
928 2670 952 2710 J
956 2682 1055 2711 esus

292 2725 626 2779 perambulabat
649 2724 834 2768 Jericho.
871 2726 927 2768 Et
952 2739 1054 2769 6666

1104 288 1170 329 vir
1195 287 1372 329 nomine
1396 288 1626 329 Zachaeus:
1654 293 1697 331 et
1723 288 1795 331 hic
1819 289 1933 341 prin-

1105 357 1210 396 ceps
1247 349 1340 386 erat
1372 344 1722 397 publicanorum,
1761 351 1805 387 et
1837 346 1932 399 ipse

1104 399 1238 442 dives.
1276 401 1333 442 Et
1351 401 1530 454 reliqua.

1212 461 1407 503 Homilia
1435 462 1574 504 sancti
1602 462 1826 504 Ambrosii

1411 518 1631 572 Episcopi.

1227 578 1306 611 Lib.
1325 579 1357 611 ὃ.
1378 578 1413 610 in
1431 577 1530 614 Luc..
1550 588 1671 621 prope
1688 578 1810 612 finem.

1207 628 1407 670 achaeus
1431 632 1599 670 statura
1622 628 1822 681 pusillus,
1848 630 1933 672 hoc

1246 690 1323 734 est,
1340 685 1457 726 nulla
1472 685 1715 727 nobilitatis
1729 686 1934 737 ingenitae

1188 742 1225 766 ’ἓ
1246 740 1458 792 dignitate
1497 741 1712 792 sublimis,
1752 745 1934 794 exiguus

1102 799 1269 841 meritis
1313 799 1425 839 sicut
1466 798 1657 851 populus
1693 799 1934 850 nationum,

1103 855 1253 897 audito
1274 855 1454 897 Domini
1472 855 1711 897 Salvatoris
1732 855 1934 907 adventu,

1105 925 1235 965 quem
1262 913 1328 954 sui
1355 925 1443 953 non
1471 914 1745 964 receperant,
1783 912 1933 955 videre

1104 968 1320 1022 cupiebat.
1361 968 1448 1011 Sed
1477 981 1606 1010 nemo
1634 968 1760 1011 facile
1783 969 1933 1011 Jesum

1103 1025 1239 1067 videt:
1270 1038 1399 1067 nemo
1428 1030 1578 1078 potest
1604 1026 1756 1067 Jesum
1784 1025 1933 1068 videre

1104 1083 1367 1124 constitutus
1395 1082 1439 1123 in
1466 1087 1594 1124 terra.
1635 1082 1692 1123 Et
1721 1083 1821 1135 quia
1846 1096 1933 1124 non

1102 1139 1362 1192 prophetas,
1411 1151 1500 1180 non
1544 1138 1687 1190 legem
1731 1138 1933 1190 habebat,

1103 1201 1328 1248 tamquam
1359 1196 1513 1237 formae
1544 1195 1731 1246 gratiam
1762 1198 1934 1237 natura-

1102 1252 1167 1301 lis,
1187 1252 1385 1294 ascendit
1401 1252 1445 1293 in
1460 1253 1751 1304 sycomorum,
1771 1253 1934 1294 vanita-

1103 1314 1192 1351 tem
1209 1309 1376 1351 scilicet
1386 1309 1410 1349 J
1411 1308 1641 1350 udaeorum
1651 1309 1837 1360 vestigio
1854 1321 1934 1350 suo

1103 1368 1345 1419 proterens,
1362 1367 1506 1407 errata
1521 1378 1697 1417 quoque
1709 1365 1934 1416 corrigens

1104 1423 1343 1475 superioris
1364 1422 1522 1463 aetatis:
1546 1426 1589 1463 et
1607 1421 1708 1463 ideo
1727 1422 1751 1462 J
1753 1434 1876 1463 esum
1891 1422 1934 1463 in

1105 1479 1323 1521 interioris
1353 1478 1510 1520 domus
1538 1479 1706 1531 recepit
1731 1478 1934 1531 hospitio.

1157 1539 1207 1590 R'·
1228 1536 1399 1577 Domus
1417 1548 1525 1585 mea,
1546 1534 1703 1576 domus
1724 1535 1934 1577 orationis

1104 1592 1351 1642 vocabitur,
1376 1591 1482 1633 dicit
1501 1592 1730 1633 Dominus:
1757 1592 1802 1632 in
1821 1604 1872 1634 ea
1892 1604 1935 1633 o-

1104 1650 1216 1690 mnis
1233 1649 1307 1701 qui
1322 1649 1445 1701 petit,
1465 1648 1642 1701 accipit,
1663 1653 1706 1690 et
1726 1649 1800 1700 qui
1820 1661 1935 1700 quae-

1105 1706 1170 1755 rit,
1190 1706 1368 1747 invenit:
1380 1707 1403 1730 *
1419 1706 1476 1746 Et
1494 1704 1686 1758 pulsanti
1702 1705 1934 1757 aperietur.

1107 1759 1157 1811 V
1175 1762 1328 1812 Petite,
1350 1766 1393 1803 et
1412 1761 1651 1814 accipietis:
1672 1761 1865 1813 quaerite,
1891 1765 1934 1803 et

1105 1819 1345 1861 invenietis.
1399 1818 1455 1860 Et
1473 1818 1677 1871 pulsanti.

1158 1877 1319 1918 Bened.
1350 1875 1557 1916 Divinum
1576 1874 1797 1916 auxilium.

1393 1933 1545 1974 Lectio
1567 1933 1651 1973 viii.

1188 1995 1206 2032 t
1225 1990 1336 2032 bene
1361 1988 1559 2030 ascendit
1581 1989 1624 2029 in
1643 1988 1862 2038 arborem,
1889 1993 1937 2030 ut

1193 2046 1325 2088 arbor
1343 2045 1461 2088 bona
1476 2045 1619 2087 bonos
1638 2045 1805 2087 fructus
1823 2044 1936 2087 face-

1107 2109 1188 2146 ret:
1207 2116 1258 2145 ac
1277 2102 1464 2144 naturali
1481 2104 1653 2144 excisus
1671 2101 1874 2151 oleastrO,
1894 2107 1937 2143 et

1107 2165 1261 2202 contra
1280 2162 1482 2202 naturam
1499 2158 1688 2200 insertus
1707 2159 1751 2199 in
1773 2157 1937 2211 bonam

1108 2217 1280 2267 olivam,
1289 2216 1478 2257 fructum
1487 2219 1641 2268 posset
1651 2214 1759 2265 legis
1771 2214 1938 2257 afferre.

1108 2273 1253 2315 Radix
1273 2273 1387 2314 enim
1405 2277 1567 2321 saneta,
1587 2272 1669 2313 etsi
1688 2271 1797 2312 rami
1811 2272 1938 2313 inuti-

1107 2331 1185 2372 les:
1209 2342 1395 2382 quorum
1418 2328 1734 2370 infructuosam
1753 2327 1939 2379 gloriam

1107 2386 1234 2441 plebs
1255 2386 1462 2428 Gentium
1485 2384 1572 2427 fide
1592 2385 1938 2435 resurrectiOnis,

1109 2444 1234 2496 quasi
1259 2442 1448 2496 quadam
1472 2442 1671 2495 corporis
1695 2441 1938 2483 elevatiOne

1108 2498 1387 2542 transcendit.
1424 2498 1639 2540 Zachaeus
1668 2511 1772 2549 ergo
1801 2498 1844 2539 in
1873 2511 1939 2550 sy-

1109 2559 1308 2606 comoro,
1336 2568 1480 2597 caecus
1499 2555 1543 2595 in
1563 2555 1646 2596 via:
1675 2567 1862 2607 quorum
1882 2554 1938 2595 al-

1108 2618 1251 2655 terum
1262 2612 1477 2653 Deminus
1488 2612 1773 2653 miseraturus
1787 2612 1938 2664 exspe—

1110 2674 1215 2720 ctat,
1239 2668 1424 2710 alterum
1447 2668 1684 2709 mansiOnis
1705 2680 1797 2709 suae
1817 2666 1938 2709 clari-

1108 2729 1199 2769 tate
1229 2725 1444 2768 nobilitat:
1487 2724 1673 2767 alterum
1706 2726 1937 2766 sanaturus
