2080 2990
866 186 1073 219 Commune¹
1103 186 1311 226 Virginum.

238 293 340 321 num
356 293 453 321 esse
468 284 651 332 propter
665 279 898 320 instantem
913 291 1060 320 neces-

237 337 430 384 sitatem,
469 336 675 388 quoniam
702 335 865 377 bonum
893 340 959 376 est
986 335 1060 376 ho-

238 392 341 433 mini
367 392 428 433 sic
454 404 559 433 esse.
596 391 811 443 Alligatus
836 404 882 433 es
910 390 1059 432 uxori?

235 448 323 489 noli
352 450 548 500 quaerere
574 448 847 490 solutionem.
883 447 1061 488 Solutus

236 517 282 546 es
302 504 356 546 ab
372 503 531 546 uxore?
552 504 641 546 noli
656 507 852 557 quaerere
867 506 1060 545 uxorem.

234 561 279 602 Si
311 565 455 602 autem
488 562 710 614 acceperis
738 563 938 610 uxorem,
972 574 1060 603 non

234 618 439 669 peccasti.
467 618 523 659 Et
542 618 577 658 si
597 618 794 670 nupserit
812 618 952 669 virgo,
971 630 1058 659 non

234 674 445 726 peccavit.
511 674 855 716 Tribulationem
913 679 1059 716 tamen

235 731 377 772 carnis
404 730 627 772 habebunt
653 730 910 782 hujusmodi.
964 732 1058 783 Ego

234 792 380 828 autern
417 787 542 829 vobis
578 799 723 840 parco.
777 787 877 828 Hoc
910 790 1058 841 itaque

235 842 352 893 dico,
381 844 551 885 fratres:
591 843 785 895 Tempus
812 842 946 886 breve
977 850 1058 886 est:

234 899 448 951 reliquum
464 905 542 949 est,
560 904 608 940 ut
627 904 669 940 et
688 900 761 951 qui
776 899 938 942 habent
952 904 1057 942 uxo-

234 968 324 1005 res,
352 961 575 1008 tamquam
601 968 689 997 non
716 955 928 998 habentes
957 958 1058 999 sint:

235 1017 278 1053 et
298 1013 370 1064 qui
390 1012 509 1061 flent,
534 1017 756 1064 tamquam
781 1025 869 1053 non
888 1013 1058 1055 flentes:

234 1073 278 1109 et
298 1069 370 1120 qui
388 1068 590 1120 gaudent,
608 1074 831 1120 tamquam
851 1082 939 1110 non
957 1083 1057 1121 gau-

233 1125 400 1167 dentes:
440 1131 484 1167 et
519 1126 592 1178 qui
629 1130 792 1175 emunt,
834 1131 1058 1179 tamquam

232 1195 318 1223 non
350 1182 644 1235 possidentes:
687 1188 730 1224 et
768 1183 841 1235 qui
878 1187 1057 1226 utuntur

232 1239 317 1280 hoc
346 1239 530 1289 mundo,
562 1245 787 1292 tamquam
819 1253 906 1282 non
934 1244 1056 1283 utan-

231 1300 315 1336 tur:
359 1296 556 1349 praeterit
598 1296 712 1338 enim
752 1296 891 1347 figura
932 1297 1057 1350 hujus

231 1352 391 1394 mundi.

488 1406 572 1446 Pro
596 1406 798 1456 Martyre.

285 1464 333 1515 R.
366 1462 479 1503 Veni
510 1474 673 1514 sponsa
703 1463 877 1512 Christi,
906 1463 1057 1515 accipe

233 1521 451 1567 coronam,
472 1531 603 1570 quam
623 1518 703 1560 tibi
717 1519 933 1560 Dominus
948 1532 1056 1571 prae-

231 1575 402 1627 paravit
430 1575 474 1614 in
502 1576 726 1615 aeternum:
755 1588 837 1628 pro
866 1576 986 1627 cujus
1016 1589 1056 1616 a·

232 1633 355 1673 more
374 1631 628 1682 sanguinem
642 1636 765 1672 tuum
780 1631 939 1680 fudisti,
957 1631 978 1653 *
1001 1632 1058 1673 Et

233 1700 332 1729 cum
360 1687 538 1738 Angelis
570 1687 614 1727 in
645 1688 897 1740 paradisum
926 1689 1056 1731 intro-

232 1744 313 1785 isti.
343 1741 391 1791 X.
410 1744 524 1786 Veni
544 1743 683 1785 electa
701 1757 808 1795 mea,
832 1750 876 1786 et
895 1757 1055 1797 ponam

232 1801 274 1840 in
296 1805 339 1842 te
363 1800 568 1842 thronum
586 1813 747 1850 meum,
777 1802 878 1853 quia
902 1814 1057 1843 eoncu-

233 1858 340 1910 pivit
359 1858 455 1899 Rex
475 1857 667 1910 speciem
685 1862 815 1899 tuam.
846 1858 904 1899 Et
922 1871 1031 1899 cum.

289 1919 326 1952 si
353 1929 427 1951 non
456 1918 567 1951 suerit
593 1918 746 1961 Martyr.
774 1918 844 1951 dic.
871 1927 975 1961 sequ.

288 1970 335 2020 Ru
354 1970 468 2012 Veni
487 1970 625 2012 electa
643 1983 751 2020 mea,
772 1975 815 2012 et
833 1984 995 2024 ponam
1013 1972 1057 2012 in

233 2031 277 2068 te
304 2026 508 2068 thronum
536 2039 697 2068 meum:
717 2027 738 2049 *
762 2028 872 2077 Quia
900 2041 1056 2070 concu-

234 2083 342 2135 pivit
358 2083 454 2124 Rex
470 2083 662 2135 speciem
676 2088 807 2124 tuam.
837 2077 885 2128 Y.
903 2085 1058 2138 Specie

234 2144 308 2180 tua
340 2144 383 2181 et
414 2138 735 2192 pulchritudine
767 2145 842 2182 tua
871 2141 1058 2192 intende,

235 2198 448 2248 prospere
467 2195 673 2248 procede,
699 2201 742 2238 et
761 2210 904 2248 regna.
937 2198 1057 2248 Quia.

290 2248 449 2290 Bened.
478 2250 735 2302 [inigenitus
753 2253 846 2295 Dei.

547 2310 694 2350 Lectio
715 2311 751 2349 ii.

331 2373 403 2414 olo
442 2378 586 2414 autem
617 2385 697 2414 vos
730 2374 822 2415 sine
854 2374 1058 2415 sollicitu-

340 2429 439 2471 dine
460 2442 568 2472 esse.
606 2430 690 2479 Qui
709 2430 800 2471 sine
825 2433 962 2472 uxore
982 2436 1059 2481 est,

238 2486 449 2528 sollicitus
491 2491 557 2528 est
598 2499 695 2538 quae
732 2486 908 2527 Domini
948 2492 1059 2537 sunt,

238 2542 461 2596 quomodo
480 2542 653 2595 placeat
671 2543 779 2583 Deo.
812 2543 894 2592 Qui
913 2549 1060 2585 autem

238 2613 335 2641 cum
360 2601 496 2640 uxore
524 2604 607 2648 est,
636 2598 847 2640 sollicitus
871 2604 937 2640 est
962 2612 1059 2651 quae

237 2661 338 2697 sunt
388 2655 556 2706 mundi,
611 2654 834 2708 quomodo
888 2655 1061 2708 placeat

237 2713 378 2763 uxori,
416 2717 459 2754 et
491 2711 656 2754 divisus
689 2717 766 2753 est.
819 2712 876 2754 Et
906 2711 1061 2753 mulier

1112 279 1307 331 innupta,
1336 283 1380 320 et
1402 279 1524 330 virgo
1550 279 1714 330 cogitat
1732 293 1831 332 quae
1848 281 1937 322 Do—

1112 334 1216 375 mini
1235 339 1346 384 sunt,
1364 339 1413 376 ut
1431 336 1488 377 sit
1508 340 1659 377 sancta
1678 339 1874 390 corpore,
1894 341 1938 378 et

1114 391 1280 443 spiritu.
1314 391 1422 441 Quae
1442 397 1587 434 autem
1606 397 1743 445 nupta
1762 398 1843 443 est,
1867 395 1937 435 co-

1112 447 1223 498 gitat
1252 460 1350 499 quae
1379 453 1479 489 sunt
1510 447 1676 498 mundi,
1713 449 1936 501 quomodo

1112 503 1286 555 placeat
1305 503 1410 545 viro.
1436 504 1576 546 Porro
1598 504 1683 546 hoc
1702 504 1758 546 ad
1776 505 1936 547 utilita-

1112 565 1201 601 tem
1219 566 1412 602 vestram
1427 561 1541 603 dico:
1559 574 1647 603 non
1666 566 1714 603 ut
1732 561 1936 614 laqueum

1112 616 1238 659 vobis
1257 618 1453 670 injiciam,
1474 617 1552 660 sed
1571 618 1628 660 ad
1646 617 1701 668 id,
1724 618 1843 670 quod
1861 618 1936 660 ho-

1111 676 1284 715 nestum
1323 680 1404 725 est,
1446 680 1489 717 et
1530 674 1650 728 quod
1684 674 1937 717 facultatem

1111 731 1308 783 praebeat
1331 733 1424 774 sine
1451 731 1764 784 impedimento
1788 732 1936 773 Domi-

1110 801 1213 829 num
1232 788 1503 831 obsecrandi.

1163 864 1211 914 R.
1254 858 1425 900 Diffusa
1461 864 1528 901 est
1563 860 1703 911 gratia
1734 861 1778 902 in
1809 859 1936 902 labiis

1110 916 1211 957 tuis:
1231 920 1252 942 *
1273 916 1513 968 Propterea
1537 915 1760 959 benedixit
1783 922 1829 960 te
1851 917 1935 959 De-

1109 986 1162 1014 us
1189 973 1232 1013 in
1261 974 1483 1014 aeternum.
1532 971 1581 1021 Y.
1606 973 1760 1026 Specie
1788 979 1863 1016 tua
1892 978 1936 1016 et

1110 1029 1433 1082 pulchritudine
1451 1034 1527 1070 tua
1545 1030 1736 1079 intende,
1754 1033 1934 1084 prospe-

1110 1099 1156 1127 re
1175 1085 1378 1139 procede,
1398 1090 1441 1127 et
1460 1099 1604 1137 regna.
1630 1087 1883 1140 Propterea.

1164 1151 1323 1192 Bened.
1351 1151 1536 1204 Spiritus
1555 1152 1694 1194 sancti
1712 1153 1863 1204 gratia.

1415 1226 1565 1267 Lectio
1585 1226 1639 1266 iii.

1113 1287 1195 1394 Si
1224 1291 1319 1343 quis
1348 1294 1494 1332 autem
1522 1295 1696 1344 turpem
1724 1304 1771 1334 se
1799 1291 1937 1334 videri

1194 1347 1411 1389 existimat
1457 1360 1588 1400 super
1633 1348 1799 1399 virgine
1843 1361 1936 1398 sua,

1112 1403 1231 1456 quod
1255 1404 1311 1445 sit
1336 1403 1634 1456 superadulta,
1660 1409 1704 1446 et
1726 1405 1786 1446 ita
1809 1407 1936 1458 opor-

1109 1465 1173 1502 tet
1191 1461 1299 1502 fieri:
1321 1459 1440 1513 quod
1455 1460 1548 1502 vult
1566 1460 1711 1502 faciat:
1729 1474 1818 1503 non
1837 1474 1935 1514 pec-

1111 1521 1199 1567 cat,
1228 1517 1265 1558 si
1288 1516 1435 1558 nubat.
1475 1516 1589 1558 Nam
1619 1518 1693 1570 qui
1715 1519 1868 1560 statuit
1893 1518 1937 1559 in

1111 1573 1245 1615 corde
1269 1586 1349 1615 suo
1374 1573 1541 1622 firmus,
1568 1586 1657 1615 non
1681 1573 1848 1616 habens
1866 1587 1937 1617 ne-

1111 1630 1376 1679 cessitatem,
1403 1631 1671 1682 potestatem
1694 1635 1841 1672 autem
1865 1630 1937 1672 ha-

1109 1685 1218 1727 bens
1247 1698 1338 1727 suae
1366 1685 1623 1735 voluntAtis,
1657 1690 1701 1728 et
1728 1686 1814 1728 hoc
1832 1687 1936 1739 judi-

1111 1742 1226 1783 cavit
1252 1742 1295 1782 in
1324 1741 1459 1783 eorde
1487 1754 1587 1793 suo,
1616 1744 1791 1785 servare
1809 1744 1935 1794 virgi-

1109 1811 1209 1840 nem
1229 1811 1364 1847 suam,
1383 1798 1495 1840 bene
1512 1798 1625 1840 facit.
1652 1799 1789 1850 Igitur
1803 1800 1936 1852 etqui

1109 1855 1387 1896 matrimomo
1413 1855 1549 1906 jungit
1567 1855 1778 1906 virginem
1803 1869 1936 1906 suam,

1110 1911 1221 1953 bene
1245 1911 1362 1954 facit:
1390 1916 1434 1953 et
1459 1912 1534 1964 qui
1557 1924 1645 1953 non
1671 1913 1823 1964 jungit,
1850 1915 1935 1954 me-

1110 1968 1192 2010 lius
1219 1968 1333 2010 facit.
1369 1968 1526 2010 Mulier
1553 1968 1728 2020 alligata
1756 1974 1824 2011 est
1850 1969 1936 2021 legi

1112 2030 1275 2078 quanto
1286 2027 1486 2078 tempore
1495 2025 1561 2066 vir
1573 2025 1664 2077 ejus
1674 2025 1789 2067 vivit.
1806 2025 1936 2076 Quod

1111 2083 1147 2124 si
1172 2082 1398 2124 dormierit
1421 2082 1487 2123 vir
1510 2082 1615 2134 ejus,
1642 2081 1827 2123 liberata
1854 2087 1935 2124 est:

1112 2139 1181 2181 cui
1199 2138 1292 2180 vult
1310 2137 1458 2189 nubat,
1485 2142 1653 2179 tantum
1671 2137 1715 2178 in
1734 2138 1936 2180 Domino.

1111 2195 1290 2237 Beatior
1308 2199 1454 2236 autem
1472 2194 1568 2243 erit,
1597 2193 1634 2235 si
1656 2194 1719 2235 sic
1738 2196 1935 2247 perman-

1111 2252 1233 2301 serit,
1262 2250 1502 2293 secundum
1525 2263 1670 2292 meum
1695 2251 1936 2292 consilium:

1110 2313 1219 2361 puto
1248 2312 1393 2349 autem
1422 2306 1542 2359 quod
1562 2312 1605 2348 et
1624 2319 1705 2358 ego
1729 2307 1936 2360 Spiritum

1111 2365 1194 2407 Dei
1213 2363 1409 2406 habeam.

1168 2431 1216 2483 R».
1248 2428 1403 2482 Specie
1435 2433 1509 2470 tua
1540 2433 1583 2470 et
1611 2427 1935 2480 pulchritudine

1111 2491 1187 2527 tua
1219 2490 1241 2512 *
1261 2483 1461 2533 Intende,
1490 2486 1704 2537 prospere
1731 2484 1937 2537 procede,

1113 2548 1156 2584 et
1178 2554 1321 2594 regna.
1360 2539 1409 2589 V.
1435 2540 1604 2582 Diffusa
1634 2546 1699 2582 est
1726 2541 1866 2591 gratia
1894 2541 1936 2581 in

1113 2598 1238 2640 labiis
1262 2598 1363 2646 tuis,
1387 2599 1625 2650 propterea
1649 2597 1874 2639 benedixit
1892 2602 1937 2638 te

1114 2656 1234 2697 Deus
1257 2655 1300 2695 in
1322 2655 1543 2695 aeternum.
1568 2653 1762 2695 Intende.
1788 2653 1937 2694 Gloria

1113 2712 1242 2754 Patri.
1268 2710 1461 2753 Intende.
