2080 2990
193 220 266 255 504
584 221 653 253 llic
685 222 736 253 10.
767 221 901 253 Martii.
950 222 1005 252 ὃς.
1033 219 1297 260 Quadraginta
1323 218 1543 260 Martyrum.

195 313 239 352 in
274 312 344 352 die
377 310 527 352 herbae
559 317 602 352 et
638 311 872 361 legumina,
912 323 1026 361 aqua

194 372 349 419 potum
382 366 583 419 praebuit.
626 367 722 408 Hos
754 372 900 408 tamen
932 368 1024 406 cer-

194 423 315 474 poris
345 423 563 463 cruciatus
591 422 829 474 aliquando
859 421 1025 462 confes-

195 478 297 518 sarii
315 478 536 527 mandato,
556 491 582 518 a
601 479 721 530 cujus
738 491 814 519 ore
830 480 1025 528 nutuque

194 533 428 586 pendebat,
451 533 626 575 modice
646 533 921 586 temperavit.

254 612 301 661 R·.
323 605 531 647 Dilexisti
557 606 786 657 justitiam‚
819 610 863 646 et
889 603 1024 645 odisti

194 662 486 714 iniquitatem:
516 669 538 691 *
554 662 800 714 Propterea
827 661 952 702 unxit
980 664 1025 700 te

193 719 333 767 Deus,
385 718 506 759 Deus
551 723 653 758 tuus
700 717 799 758 oleo
843 715 1024 757 laetitiae.

201 775 249 825 δ”.
277 774 467 826 Propter
486 774 735 823 veritatem,
764 778 808 814 et
827 784 1026 812 mansue-

192 830 403 879 tudinem,
422 835 466 871 et
486 830 705 881 justitiam.
732 829 986 881 Propterea.

507 914 659 953 Lectio
683 927 716 951 v.

286 980 402 1021 ivina
420 980 638 1032 mysteria,
653 980 900 1031 praesertim
918 992 1024 1020 vero

290 1035 451 1077 Christi
465 1035 641 1076 Dumini
656 1035 918 1087 passi6nem,
934 1040 1024 1076 tan-

193 1097 240 1133 to
269 1091 426 1132 mentis
456 1090 631 1139 ardere,
663 1093 874 1142 tantaque
902 1090 1024 1131 lacri—

194 1150 363 1187 marum
382 1147 425 1186 vi
445 1145 842 1198 contemplabatur,
866 1151 914 1187 ut
932 1159 1025 1198 prae

193 1203 360 1244 doleris
392 1201 694 1252 magnitudine
725 1214 839 1253 pene
868 1202 1025 1243 confici

192 1257 425 1299 videretur.
453 1258 581 1309 Saepe
602 1258 733 1298 etiam
750 1271 849 1298 cum
866 1260 1025 1304 oraret,

192 1314 381 1354 maxime
414 1319 591 1365 sumpto
625 1314 912 1354 sanctissimae
940 1313 1024 1353 Eu-

193 1369 412 1410 charistiae
449 1371 740 1418 sacramento,
787 1369 942 1421 spiritu
982 1369 1025 1409 in

192 1426 336 1466 Deum
362 1425 551 1473 elevata,
576 1437 627 1465 ac
653 1424 900 1465 coelestium
923 1437 1024 1465 con-

192 1480 478 1532 templatione
497 1485 640 1532 rapta,
665 1480 901 1521 immobilis
927 1493 1023 1531 per-

192 1535 407 1577 manebat.
446 1536 727 1587 Quapr6pter
751 1536 928 1576 humani
953 1538 1023 1586 ge-

192 1592 308 1632 neris
340 1591 481 1632 hostis
510 1591 643 1631 variis
676 1604 773 1632 eam
802 1593 1023 1632 contume-

192 1647 261 1687 liis
289 1660 340 1687 ac
368 1646 627 1687 verberibus
656 1659 681 1687 a
705 1647 937 1698 propesito
963 1646 1023 1688 di-

192 1704 372 1743 movere
409 1702 666 1743 conabatur:
712 1715 843 1753 quem
878 1708 1025 1744 tamen

192 1757 267 1798 illa
315 1758 609 1809 imperterrita
658 1770 832 1809 semper
878 1757 1024 1807 elusit3

193 1813 351 1863 Angeli
377 1813 624 1865 praesertim
647 1813 875 1864 praesidio,
903 1814 1024 1865 cujus

194 1868 394 1909 familiari
432 1868 750 1909 consuetudine
782 1868 1025 1918 gloriosum

194 1924 249 1964 de
270 1936 322 1964 eo
342 1923 612 1975 triumphum
632 1924 886 1975 reportavit.
916 1924 1023 1964 Gra-

192 1979 254 2020 tia
274 1979 549 2020 curationum
575 1984 618 2020 et
637 1979 885 2031 prophetiae
905 1979 1024 2020 dono

194 2035 362 2083 enituit,
389 2046 477 2086 quo
503 2040 546 2076 et
570 2034 715 2075 futura
733 2035 956 2086 praedixit,
981 2040 1025 2076 et

194 2089 394 2130 cordium
427 2091 595 2130 secreta
622 2091 882 2142 penetravit.
921 2090 1024 2131 Non

195 2144 330 2186 semel
351 2157 495 2196 aquae,
521 2145 591 2185 vel
610 2158 691 2197 per
710 2146 852 2186 rivum
872 2145 1023 2187 decur-

194 2202 357 2248 rentes,
389 2200 459 2241 vel
484 2213 508 2240 e
532 2200 646 2240 coelo
670 2200 884 2250 labentes,
916 2201 1023 2242 inta-

194 2261 310 2296 ctam
339 2267 536 2307 prorsus,
570 2254 674 2296 dum
705 2256 802 2297 Deo
835 2258 1024 2306 vacaret,

193 2311 476 2362 reliquerunt.
529 2310 707 2351 Modica
747 2312 873 2363 panis
914 2311 1025 2362 frag-

194 2368 358 2414 menta,
397 2377 496 2417 quae
525 2365 599 2405 vix
628 2365 768 2406 tribus
798 2366 1025 2408 sororibus

193 2420 441 2461 reficiendis
470 2421 654 2461 fuissent
681 2422 805 2470 satis,
843 2422 905 2462 sic
933 2423 1024 2472 ejus

193 2475 401 2528 precibus
446 2475 661 2516 Duminus
707 2476 1024 2529 multiplicavit,

194 2535 243 2572 ut
262 2530 511 2582 quindecim
530 2530 632 2572 inde
648 2533 921 2580 exsaturatis,
940 2537 1026 2573 tan·

194 2591 287 2627 tum
307 2586 589 2637 superfuerit,
617 2592 664 2627 ut
688 2589 927 2628 canistrum
949 2587 1024 2627 im·

195 2641 396 2694 pleverit:
429 2647 472 2682 et
503 2642 741 2693 aliquando
771 2641 1025 2683 earumdem

194 2699 410 2747 sororum,
438 2702 562 2738 extra
587 2697 753 2739 Urbem
781 2710 930 2739 mense
955 2698 1022 2738 Ja-

1079 310 1232 350 nuario
1262 310 1379 361 ligna
1403 311 1667 363 parantium,
1701 310 1817 352 sitim
1845 323 1908 352 re-

1080 365 1218 406 centis
1246 379 1343 407 uvae
1368 367 1553 407 racemis
1581 379 1636 407 ex
1661 366 1749 408 vite
1774 367 1817 406 in
1844 369 1908 407 ar-

1079 420 1187 461 bore
1220 420 1513 473 pendentibus
1546 421 1802 463 mirabiliter
1835 421 1909 463 ob-

1079 476 1221 524 tentis,
1241 476 1417 517 abunde
1431 477 1684 529 expleverit.
1707 477 1909 528 Denique

1079 532 1246 572 meritis
1275 537 1319 573 et
1344 532 1564 573 miraculis
1590 532 1725 581 clara,
1752 532 1908 583 migra·

1079 587 1141 627 vit
1158 587 1215 628 ad
1234 588 1490 636 Dominum,
1518 590 1632 628 anno
1653 588 1797 629 aetatis
1818 600 1910 628 suae

1081 643 1443 694 quinquagesimo
1467 649 1604 684 sexto.
1637 644 1788 694 Quam
1800 643 1909 684 Pau-

1079 698 1146 739 lus
1180 699 1357 750 quintus
1386 699 1590 740 Pontifex
1615 699 1833 740 Maximus
1865 699 1910 739 in

1079 754 1339 795 Sanctorum
1356 758 1586 796 numerum
1605 754 1764 795 retulit.

1137 821 1187 861 R
1199 819 1350 861 Fallax
1367 820 1520 870 gratia,
1541 823 1586 860 et
1598 831 1713 860 vana
1731 822 1799 859 est
1816 818 1910 871 pul-

1079 875 1299 916 chritudo:
1336 880 1358 901 ¹*
1382 875 1541 916 Mulier
1566 875 1726 916 timens
1754 875 1910 924 Deum,

1078 931 1178 982 ipsa
1196 931 1457 973 laudabitur.
1487 929 1536 978 V.
1554 931 1670 972 Date
1690 930 1731 971 ei
1750 929 1807 984 de
1825 930 1910 971 fru-

1079 992 1154 1027 ctu
1181 989 1390 1028 manuum
1421 989 1616 1036 suarum,
1653 991 1696 1027 et
1729 985 1911 1027 laudent

1079 1054 1177 1083 eam
1200 1042 1245 1082 in
1268 1044 1411 1095 portis
1436 1045 1574 1095 Opera
1601 1043 1704 1094 ejus.
1739 1041 1910 1082 Mulier.

1084 1097 1235 1138 Gloria
1261 1099 1393 1140 Patri.
1438 1098 1607 1139 Mulier.

1134 1176 1176 1209 ln
1204 1176 1265 1209 111.
1291 1176 1488 1210 Nocturno
1514 1175 1686 1209 Homilia
1711 1175 1749 1208 in
1767 1175 1911 1218 Evang.

1081 1222 1212 1256 Simile
1237 1225 1295 1256 est
1317 1231 1479 1265 regnum
1495 1221 1690 1256 coelerum.
1711 1223 1757 1256 de
1776 1223 1913 1257 eodem

1082 1271 1296 1304 Communi,
1319 1268 1421 1312 [108]

1134 1328 1174 1360 ln
1207 1327 1398 1367 Qundrag.
1431 1327 1562 1360 Lectio
1590 1327 1637 1360 ix.
1669 1327 1715 1360 dc
1741 1326 1912 1360 Ilomilia

1081 1382 1116 1409 ct
1143 1385 1338 1420 commum.
1367 1375 1490 1408 Furiae
1516 1375 1554 1407 in
1578 1374 1788 1407 Laudibus,

1135 1432 1174 1463 ln
1203 1431 1244 1464 ΙΙ,
1268 1430 1453 1473 Yesperis
1481 1440 1677 1465 commem.
1703 1429 1917 1473 sequentis,⁴

1080 1484 1217 1521 postea
1243 1478 1376 1512 Fcriw.

1323 1590 1408 1631 Die
1426 1591 1491 1630 10.
1510 1589 1666 1630 Martii.

1104 1666 1173 1706 Ss.
1202 1665 1554 1714 Quadraginta
1581 1665 1882 1715 Martyrum.

1365 1734 1626 1776 Semiduplex.

1134 1795 1270 1827 Omnia
1306 1794 1352 1827 dc
1384 1793 1589 1828 Communi
1623 1792 1772 1835 plurim.
1803 1791 1910 1824 Mart.

1078 1841 1148 1884 [35]
1175 1846 1315 1884 praeter
1339 1852 1443 1884 sequ.

1132 1899 1232 1936 Ant.
1268 1898 1459 1937 [storum
1486 1900 1555 1937 est
1582 1895 1697 1937 enim
1724 1908 1908 1947 regnum

1078 1951 1308 2001 coelorum,
1349 1951 1423 2003 qui
1457 1953 1818 2003 contempserunt
1848 1953 1908 1993 vi-

1077 2012 1168 2048 tam
1182 2007 1345 2056 mundi,
1360 2012 1404 2048 et
1418 2006 1784 2059 pervenerunt-ad
1797 2010 1907 2060 prae-

1077 2062 1165 2102 mia
1183 2062 1324 2113 regni,
1352 2067 1396 2104 et
1418 2062 1620 2103 laverunt
1644 2062 1781 2104 stolas
1805 2075 1907 2104 suas

1076 2118 1121 2158 in
1141 2118 1352 2168 sanguine
1370 2118 1498 2168 Agni.

1135 2169 1184 2219 W.
1203 2173 1436 2214 Laetamini
1462 2173 1507 2213 in
1529 2172 1740 2223 Demino,
1766 2178 1811 2215 et
1834 2186 1905 2215 ex-

1078 2228 1238 2270 sultate
1282 2228 1395 2280 justi.
1464 2229 1515 2279 R.
1558 2228 1617 2268 Et
1660 2228 1908 2279 gloriamini

1078 2296 1230 2325 omnes
1258 2284 1367 2325 recti
1396 2282 1543 2324 corde.

1415 2357 1580 2397 Oratio.

1162 2425 1310 2471 raesta,
1345 2422 1597 2472 quaesumus
1612 2450 1616 2454 .
1629 2422 1906 2471 omnipotens

1169 2476 1305 2517 Deus:
1333 2481 1381 2517 ut
1408 2476 1483 2527 qui
1507 2475 1726 2526 gloriosos
1745 2475 1907 2527 Marty-

1077 2544 1148 2573 res
1173 2531 1312 2572 fortes
1334 2531 1378 2571 in
1406 2543 1485 2571 sua
1506 2530 1784 2572 confessi6ne
1807 2543 1906 2581 cog-

1076 2587 1293 2636 nevimus,
1326 2587 1426 2639 pios
1460 2586 1578 2638 apud
1609 2591 1654 2627 te
1682 2586 1726 2626 in
1753 2591 1906 2626 nostra

1076 2642 1390 2683 intercessiOne
1416 2642 1666 2682 sentiamus.
1707 2641 1792 2682 Per
1817 2641 1905 2681 Du-

1075 2698 1241 2738 minum
1261 2702 1470 2738 nostrum.

2075 1451 2080 1484 --
2074 1362 2080 1439 —.
2073 1084 2080 1349 -4--.-..
2076 1046 2080 1061 ..
