<?xml version="1.0" encoding="UTF-8"?>
<!DOCTYPE html PUBLIC "-//W3C//DTD XHTML 1.0 Transitional//EN"
    "http://www.w3.org/TR/xhtml1/DTD/xhtml1-transitional.dtd">
<html xmlns="http://www.w3.org/1999/xhtml" xml:lang="en" lang="en">
 <head>
  <title>
</title>
<meta http-equiv="Content-Type" content="text/html;charset=utf-8" />
  <meta name='ocr-system' content='tesseract 3.04.00' />
  <meta name='ocr-capabilities' content='ocr_page ocr_carea ocr_par ocr_line ocrx_word'/>
</head>
<body>
  <div class='ocr_page' id='page_1' title='image "./p1breviariumroma00cathuoft_0459.png"; bbox 0 0 2080 2990; ppageno 0'>
   <div class='ocr_carea' id='block_1_1' title="bbox 602 213 1465 254">
    <p class='ocr_par' dir='ltr' id='par_1_1' title="bbox 602 213 1465 254">
     <span class='ocr_line' id='line_1_1' title="bbox 602 213 1465 254; baseline -0.001 -9"><span class='ocrx_word' id='word_1_1' title='bbox 602 214 636 246; x_wconf 77' lang='lat' dir='ltr'>ln</span> <span class='ocrx_word' id='word_1_2' title='bbox 666 213 806 246; x_wconf 59' lang='lat' dir='ltr'>Oetam</span> <span class='ocrx_word' id='word_1_3' title='bbox 835 213 982 245; x_wconf 70' lang='lat' dir='ltr'>lmmac.</span> <span class='ocrx_word' id='word_1_4' title='bbox 1002 213 1274 254; x_wconf 51' lang='lat' dir='ltr'>conceptionis</span> <span class='ocrx_word' id='word_1_5' title='bbox 1302 213 1338 245; x_wconf 63' lang='lat'>13.</span> <span class='ocrx_word' id='word_1_6' title='bbox 1363 213 1403 245; x_wconf 71' lang='lat' dir='ltr'>M.</span> <span class='ocrx_word' id='word_1_7' title='bbox 1427 213 1465 244; x_wconf 55' lang='lat' dir='ltr'>X}</span> 
     </span>
    </p>
   </div>
   <div class='ocr_carea' id='block_1_2' title="bbox 184 305 1007 2711">
    <p class='ocr_par' dir='ltr' id='par_1_2' title="bbox 184 305 1007 1754">
     <span class='ocr_line' id='line_1_2' title="bbox 186 305 1006 357; baseline -0.004 -8"><span class='ocrx_word' id='word_1_8' title='bbox 186 307 360 350; x_wconf 88' lang='lat' dir='ltr'>tholicae</span> <span class='ocrx_word' id='word_1_9' title='bbox 401 306 504 348; x_wconf 88' lang='lat' dir='ltr'>fidei</span> <span class='ocrx_word' id='word_1_10' title='bbox 547 305 706 357; x_wconf 86' lang='lat' dir='ltr'>dogma</span> <span class='ocrx_word' id='word_1_11' title='bbox 746 305 1006 347; x_wconf 87' lang='lat' dir='ltr'>definiretur.</span> 
     </span>
     <span class='ocr_line' id='line_1_3' title="bbox 188 362 1006 416; baseline -0.004 -11"><span class='ocrx_word' id='word_1_12' title='bbox 188 365 294 415; x_wconf 88' lang='lat' dir='ltr'>Quae</span> <span class='ocrx_word' id='word_1_13' title='bbox 308 362 626 416; x_wconf 88' lang='lat' dir='ltr'>postulationes</span> <span class='ocrx_word' id='word_1_14' title='bbox 641 362 722 403; x_wconf 89' lang='lat' dir='ltr'>hac</span> <span class='ocrx_word' id='word_1_15' title='bbox 736 367 888 404; x_wconf 86' lang='lat' dir='ltr'>nostra</span> <span class='ocrx_word' id='word_1_16' title='bbox 902 374 1006 413; x_wconf 91' lang='lat' dir='ltr'>quo-</span> 
     </span>
     <span class='ocr_line' id='line_1_4' title="bbox 188 419 1006 472; baseline -0.002 -11"><span class='ocrx_word' id='word_1_17' title='bbox 188 433 271 472; x_wconf 90' lang='lat' dir='ltr'>que</span> <span class='ocrx_word' id='word_1_18' title='bbox 295 422 424 461; x_wconf 67' lang='lat' dir='ltr'>aetate</span> <span class='ocrx_word' id='word_1_19' title='bbox 449 419 619 461; x_wconf 79' lang='lat' dir='ltr'>iteratae</span> <span class='ocrx_word' id='word_1_20' title='bbox 643 419 829 469; x_wconf 82' lang='lat' dir='ltr'>fuerunt,</span> <span class='ocrx_word' id='word_1_21' title='bbox 859 431 909 460; x_wconf 90' lang='lat' dir='ltr'>ac</span> <span class='ocrx_word' id='word_1_22' title='bbox 930 430 1006 470; x_wconf 91' lang='lat' dir='ltr'>po-</span> 
     </span>
     <span class='ocr_line' id='line_1_5' title="bbox 185 473 1006 517; baseline -0.002 0"><span class='ocrx_word' id='word_1_23' title='bbox 185 476 399 517; x_wconf 89' lang='lat' dir='ltr'>tissimum</span> <span class='ocrx_word' id='word_1_24' title='bbox 414 475 551 516; x_wconf 91' lang='lat' dir='ltr'>felicis</span> <span class='ocrx_word' id='word_1_25' title='bbox 570 473 885 516; x_wconf 87' lang='lat' dir='ltr'>recordationis</span> <span class='ocrx_word' id='word_1_26' title='bbox 902 474 1006 515; x_wconf 88' lang='lat' dir='ltr'>Gre-</span> 
     </span>
     <span class='ocr_line' id='line_1_6' title="bbox 185 529 1007 583; baseline -0.004 -9"><span class='ocrx_word' id='word_1_27' title='bbox 185 532 308 583; x_wconf 85' lang='lat' dir='ltr'>gorio</span> <span class='ocrx_word' id='word_1_28' title='bbox 352 531 650 573; x_wconf 81' lang='lat' dir='ltr'>decimosexto</span> <span class='ocrx_word' id='word_1_29' title='bbox 690 529 1007 583; x_wconf 74' lang='lat' dir='ltr'>praedecessori</span> 
     </span>
     <span class='ocr_line' id='line_1_7' title="bbox 186 586 1007 640; baseline -0.001 -10"><span class='ocrx_word' id='word_1_30' title='bbox 186 594 353 638; x_wconf 89' lang='lat' dir='ltr'>nostro,</span> <span class='ocrx_word' id='word_1_31' title='bbox 377 601 428 629; x_wconf 92' lang='lat' dir='ltr'>ac</span> <span class='ocrx_word' id='word_1_32' title='bbox 451 587 575 629; x_wconf 89' lang='lat' dir='ltr'>nobis</span> <span class='ocrx_word' id='word_1_33' title='bbox 599 587 704 640; x_wconf 91' lang='lat' dir='ltr'>ipsis</span> <span class='ocrx_word' id='word_1_34' title='bbox 728 586 889 628; x_wconf 80' lang='lat' dir='ltr'>oblatae</span> <span class='ocrx_word' id='word_1_35' title='bbox 908 592 1007 629; x_wconf 90' lang='lat' dir='ltr'>sunt</span> 
     </span>
     <span class='ocr_line' id='line_1_8' title="bbox 185 643 1005 697; baseline -0.002 -11"><span class='ocrx_word' id='word_1_36' title='bbox 185 650 278 686; x_wconf 91' lang='lat' dir='ltr'>tum</span> <span class='ocrx_word' id='word_1_37' title='bbox 296 645 350 686; x_wconf 90' lang='lat' dir='ltr'>ab</span> <span class='ocrx_word' id='word_1_38' title='bbox 376 644 609 697; x_wconf 80' lang='lat' dir='ltr'>episeopis,</span> <span class='ocrx_word' id='word_1_39' title='bbox 633 649 724 684; x_wconf 88' lang='lat' dir='ltr'>tum</span> <span class='ocrx_word' id='word_1_40' title='bbox 744 656 769 684; x_wconf 91' lang='lat' dir='ltr'>a</span> <span class='ocrx_word' id='word_1_41' title='bbox 792 643 908 685; x_wconf 91' lang='lat' dir='ltr'>clero</span> <span class='ocrx_word' id='word_1_42' title='bbox 929 656 1005 684; x_wconf 86' lang='lat' dir='ltr'>sae-</span> 
     </span>
     <span class='ocr_line' id='line_1_9' title="bbox 186 699 1007 751; baseline -0.004 -9"><span class='ocrx_word' id='word_1_43' title='bbox 186 701 336 749; x_wconf 83' lang='lat' dir='ltr'>culari‚</span> <span class='ocrx_word' id='word_1_44' title='bbox 359 706 451 742; x_wconf 90' lang='lat' dir='ltr'>tum</span> <span class='ocrx_word' id='word_1_45' title='bbox 470 713 495 741; x_wconf 88' lang='lat' dir='ltr'>a</span> <span class='ocrx_word' id='word_1_46' title='bbox 516 699 728 751; x_wconf 87' lang='lat' dir='ltr'>religiosis</span> <span class='ocrx_word' id='word_1_47' title='bbox 748 699 932 749; x_wconf 81' lang='lat' dir='ltr'>familiis,</span> <span class='ocrx_word' id='word_1_48' title='bbox 956 712 1007 740; x_wconf 89' lang='lat' dir='ltr'>ac</span> 
     </span>
     <span class='ocr_line' id='line_1_10' title="bbox 186 754 1006 809; baseline -0.002 -11"><span class='ocrx_word' id='word_1_49' title='bbox 186 757 363 798; x_wconf 92' lang='lat' dir='ltr'>summis</span> <span class='ocrx_word' id='word_1_50' title='bbox 407 755 676 809; x_wconf 90' lang='lat' dir='ltr'>principibus</span> <span class='ocrx_word' id='word_1_51' title='bbox 720 760 763 796; x_wconf 88' lang='lat' dir='ltr'>et</span> <span class='ocrx_word' id='word_1_52' title='bbox 805 754 1006 797; x_wconf 91' lang='lat' dir='ltr'>fidelibus</span> 
     </span>
     <span class='ocr_line' id='line_1_11' title="bbox 185 811 1006 866; baseline -0.004 -11"><span class='ocrx_word' id='word_1_53' title='bbox 185 813 371 866; x_wconf 88' lang='lat' dir='ltr'>populis.</span> <span class='ocrx_word' id='word_1_54' title='bbox 389 813 484 855; x_wconf 89' lang='lat' dir='ltr'>Nos</span> <span class='ocrx_word' id='word_1_55' title='bbox 497 815 644 864; x_wconf 87' lang='lat' dir='ltr'>itaque</span> <span class='ocrx_word' id='word_1_56' title='bbox 659 811 865 863; x_wconf 77' lang='lat' dir='ltr'>singulari</span> <span class='ocrx_word' id='word_1_57' title='bbox 879 812 1006 852; x_wconf 81' lang='lat' dir='ltr'>animi</span> 
     </span>
     <span class='ocr_line' id='line_1_12' title="bbox 185 868 1006 920; baseline -0.004 -9"><span class='ocrx_word' id='word_1_58' title='bbox 185 870 323 911; x_wconf 86' lang='lat' dir='ltr'>nostri</span> <span class='ocrx_word' id='word_1_59' title='bbox 337 868 497 920; x_wconf 81' lang='lat' dir='ltr'>gaudio</span> <span class='ocrx_word' id='word_1_60' title='bbox 511 869 607 910; x_wconf 89' lang='lat' dir='ltr'>haec</span> <span class='ocrx_word' id='word_1_61' title='bbox 622 868 765 910; x_wconf 92' lang='lat' dir='ltr'>omnia</span> <span class='ocrx_word' id='word_1_62' title='bbox 780 868 919 920; x_wconf 84' lang='lat' dir='ltr'>probe</span> <span class='ocrx_word' id='word_1_63' title='bbox 933 881 1006 909; x_wconf 93' lang='lat' dir='ltr'>no-</span> 
     </span>
     <span class='ocr_line' id='line_1_13' title="bbox 186 923 1007 975; baseline -0.002 -8"><span class='ocrx_word' id='word_1_64' title='bbox 186 928 367 975; x_wconf 87' lang='lat' dir='ltr'>scentes,</span> <span class='ocrx_word' id='word_1_65' title='bbox 387 938 437 967; x_wconf 89' lang='lat' dir='ltr'>ac</span> <span class='ocrx_word' id='word_1_66' title='bbox 453 925 565 966; x_wconf 88' lang='lat' dir='ltr'>serio</span> <span class='ocrx_word' id='word_1_67' title='bbox 582 923 920 972; x_wconf 66' lang='lat' dir='ltr'>considerantes</span> <span class='ocrx_word' id='word_1_68' title='bbox 935 924 1007 965; x_wconf 82' lang='lat' dir='ltr'>vix</span> 
     </span>
     <span class='ocr_line' id='line_1_14' title="bbox 187 980 1007 1030; baseline -0.002 -7"><span class='ocrx_word' id='word_1_69' title='bbox 187 981 290 1023; x_wconf 93' lang='lat' dir='ltr'>dum</span> <span class='ocrx_word' id='word_1_70' title='bbox 307 982 409 1023; x_wconf 90' lang='lat' dir='ltr'>licet</span> <span class='ocrx_word' id='word_1_71' title='bbox 426 981 644 1030; x_wconf 89' lang='lat' dir='ltr'>immeriti,</span> <span class='ocrx_word' id='word_1_72' title='bbox 667 983 827 1021; x_wconf 78' lang='lat' dir='ltr'>arcano</span> <span class='ocrx_word' id='word_1_73' title='bbox 849 980 1007 1022; x_wconf 79' lang='lat' dir='ltr'>divinae</span> 
     </span>
     <span class='ocr_line' id='line_1_15' title="bbox 185 1036 1006 1090; baseline -0.001 -11"><span class='ocrx_word' id='word_1_74' title='bbox 185 1037 472 1090; x_wconf 80' lang='lat' dir='ltr'>providentiae</span> <span class='ocrx_word' id='word_1_75' title='bbox 496 1037 676 1078; x_wconf 91' lang='lat' dir='ltr'>consilio</span> <span class='ocrx_word' id='word_1_76' title='bbox 701 1036 756 1077; x_wconf 90' lang='lat' dir='ltr'>ad</span> <span class='ocrx_word' id='word_1_77' title='bbox 775 1036 886 1077; x_wconf 89' lang='lat' dir='ltr'>hanc</span> <span class='ocrx_word' id='word_1_78' title='bbox 910 1036 1006 1078; x_wconf 92' lang='lat' dir='ltr'>sub-</span> 
     </span>
     <span class='ocr_line' id='line_1_16' title="bbox 185 1092 1006 1142; baseline -0.002 -7"><span class='ocrx_word' id='word_1_79' title='bbox 185 1094 331 1135; x_wconf 82' lang='lat' dir='ltr'>limem</span> <span class='ocrx_word' id='word_1_80' title='bbox 349 1094 468 1135; x_wconf 91' lang='lat' dir='ltr'>Petri</span> <span class='ocrx_word' id='word_1_81' title='bbox 491 1092 743 1134; x_wconf 81' lang='lat' dir='ltr'>cathedram</span> <span class='ocrx_word' id='word_1_82' title='bbox 767 1093 921 1142; x_wconf 84' lang='lat' dir='ltr'>evecti,</span> <span class='ocrx_word' id='word_1_83' title='bbox 944 1099 1006 1134; x_wconf 93' lang='lat' dir='ltr'>to-</span> 
     </span>
     <span class='ocr_line' id='line_1_17' title="bbox 184 1148 1006 1200; baseline -0.002 -9"><span class='ocrx_word' id='word_1_84' title='bbox 184 1151 270 1192; x_wconf 87' lang='lat' dir='ltr'>tius</span> <span class='ocrx_word' id='word_1_85' title='bbox 284 1150 493 1191; x_wconf 78' lang='lat' dir='ltr'>Ecclesiae</span> <span class='ocrx_word' id='word_1_86' title='bbox 513 1148 805 1200; x_wconf 78' lang='lat' dir='ltr'>gubernacula</span> <span class='ocrx_word' id='word_1_87' title='bbox 821 1151 1006 1190; x_wconf 77' lang='lat' dir='ltr'>tractan-</span> 
     </span>
     <span class='ocr_line' id='line_1_18' title="bbox 186 1205 1006 1259; baseline -0.004 -11"><span class='ocrx_word' id='word_1_88' title='bbox 186 1205 242 1248; x_wconf 88' lang='lat' dir='ltr'>da</span> <span class='ocrx_word' id='word_1_89' title='bbox 277 1206 568 1259; x_wconf 88' lang='lat' dir='ltr'>suscepimus,</span> <span class='ocrx_word' id='word_1_90' title='bbox 606 1205 710 1246; x_wconf 90' lang='lat' dir='ltr'>nihil</span> <span class='ocrx_word' id='word_1_91' title='bbox 747 1211 864 1246; x_wconf 90' lang='lat' dir='ltr'>certe</span> <span class='ocrx_word' id='word_1_92' title='bbox 902 1208 1006 1246; x_wconf 89' lang='lat' dir='ltr'>anti-</span> 
     </span>
     <span class='ocr_line' id='line_1_19' title="bbox 187 1262 1007 1315; baseline -0.002 -11"><span class='ocrx_word' id='word_1_93' title='bbox 187 1263 312 1315; x_wconf 91' lang='lat' dir='ltr'>quius</span> <span class='ocrx_word' id='word_1_94' title='bbox 330 1262 570 1312; x_wconf 82' lang='lat' dir='ltr'>habuimus,</span> <span class='ocrx_word' id='word_1_95' title='bbox 590 1275 720 1313; x_wconf 91' lang='lat' dir='ltr'>quam</span> <span class='ocrx_word' id='word_1_96' title='bbox 739 1275 819 1314; x_wconf 92' lang='lat' dir='ltr'>pro</span> <span class='ocrx_word' id='word_1_97' title='bbox 840 1275 1007 1302; x_wconf 89' lang='lat' dir='ltr'>summa</span> 
     </span>
     <span class='ocr_line' id='line_1_20' title="bbox 185 1318 1006 1368; baseline -0.002 -8"><span class='ocrx_word' id='word_1_98' title='bbox 185 1324 336 1360; x_wconf 89' lang='lat' dir='ltr'>nostra</span> <span class='ocrx_word' id='word_1_99' title='bbox 351 1319 421 1360; x_wconf 90' lang='lat' dir='ltr'>vel</span> <span class='ocrx_word' id='word_1_100' title='bbox 439 1332 464 1359; x_wconf 89' lang='lat' dir='ltr'>a</span> <span class='ocrx_word' id='word_1_101' title='bbox 482 1318 642 1360; x_wconf 88' lang='lat' dir='ltr'>teneris</span> <span class='ocrx_word' id='word_1_102' title='bbox 657 1318 779 1359; x_wconf 85' lang='lat' dir='ltr'>annis</span> <span class='ocrx_word' id='word_1_103' title='bbox 795 1331 897 1368; x_wconf 86' lang='lat' dir='ltr'>erga</span> <span class='ocrx_word' id='word_1_104' title='bbox 914 1331 1006 1359; x_wconf 87' lang='lat' dir='ltr'>san-</span> 
     </span>
     <span class='ocr_line' id='line_1_21' title="bbox 187 1374 1007 1425; baseline -0.002 -9"><span class='ocrx_word' id='word_1_105' title='bbox 187 1375 422 1416; x_wconf 86' lang='lat' dir='ltr'>ctissimam</span> <span class='ocrx_word' id='word_1_106' title='bbox 453 1375 536 1415; x_wconf 92' lang='lat' dir='ltr'>Dei</span> <span class='ocrx_word' id='word_1_107' title='bbox 571 1375 836 1416; x_wconf 87' lang='lat' dir='ltr'>Genitricem</span> <span class='ocrx_word' id='word_1_108' title='bbox 867 1374 1007 1425; x_wconf 90' lang='lat' dir='ltr'>Virgi-</span> 
     </span>
     <span class='ocr_line' id='line_1_22' title="bbox 186 1430 1006 1482; baseline -0.001 -10"><span class='ocrx_word' id='word_1_109' title='bbox 186 1445 285 1473; x_wconf 88' lang='lat' dir='ltr'>nem</span> <span class='ocrx_word' id='word_1_110' title='bbox 311 1432 492 1472; x_wconf 86' lang='lat' dir='ltr'>Mariam</span> <span class='ocrx_word' id='word_1_111' title='bbox 520 1431 815 1480; x_wconf 87' lang='lat' dir='ltr'>veneratione,</span> <span class='ocrx_word' id='word_1_112' title='bbox 845 1430 1006 1482; x_wconf 77' lang='lat' dir='ltr'>pietate</span> 
     </span>
     <span class='ocr_line' id='line_1_23' title="bbox 188 1487 1006 1539; baseline -0.002 -10"><span class='ocrx_word' id='word_1_113' title='bbox 188 1493 230 1529; x_wconf 86' lang='lat' dir='ltr'>et</span> <span class='ocrx_word' id='word_1_114' title='bbox 250 1487 406 1529; x_wconf 87' lang='lat' dir='ltr'>affectu</span> <span class='ocrx_word' id='word_1_115' title='bbox 426 1500 477 1528; x_wconf 88' lang='lat' dir='ltr'>ea</span> <span class='ocrx_word' id='word_1_116' title='bbox 497 1487 641 1528; x_wconf 90' lang='lat' dir='ltr'>omnia</span> <span class='ocrx_word' id='word_1_117' title='bbox 659 1489 884 1539; x_wconf 71' lang='lat' dir='ltr'>peragere,</span> <span class='ocrx_word' id='word_1_118' title='bbox 909 1499 1006 1538; x_wconf 88' lang='lat' dir='ltr'>quae</span> 
     </span>
     <span class='ocr_line' id='line_1_24' title="bbox 188 1543 1006 1595; baseline -0.001 -10"><span class='ocrx_word' id='word_1_119' title='bbox 188 1543 329 1585; x_wconf 88' lang='lat' dir='ltr'>adhuc</span> <span class='ocrx_word' id='word_1_120' title='bbox 353 1544 396 1584; x_wconf 95' lang='lat' dir='ltr'>in</span> <span class='ocrx_word' id='word_1_121' title='bbox 419 1543 628 1584; x_wconf 77' lang='lat' dir='ltr'>Ecclesiae</span> <span class='ocrx_word' id='word_1_122' title='bbox 652 1544 766 1584; x_wconf 85' lang='lat' dir='ltr'>votis</span> <span class='ocrx_word' id='word_1_123' title='bbox 792 1555 887 1584; x_wconf 89' lang='lat' dir='ltr'>esse</span> <span class='ocrx_word' id='word_1_124' title='bbox 912 1545 1006 1595; x_wconf 91' lang='lat' dir='ltr'>pot-</span> 
     </span>
     <span class='ocr_line' id='line_1_25' title="bbox 187 1599 1007 1650; baseline -0.001 -9"><span class='ocrx_word' id='word_1_125' title='bbox 187 1606 318 1648; x_wconf 87' lang='lat' dir='ltr'>erant,</span> <span class='ocrx_word' id='word_1_126' title='bbox 333 1605 380 1641; x_wconf 90' lang='lat' dir='ltr'>ut</span> <span class='ocrx_word' id='word_1_127' title='bbox 393 1599 656 1641; x_wconf 87' lang='lat' dir='ltr'>beatissimae</span> <span class='ocrx_word' id='word_1_128' title='bbox 666 1600 856 1650; x_wconf 83' lang='lat' dir='ltr'>Virginis</span> <span class='ocrx_word' id='word_1_129' title='bbox 867 1599 1007 1641; x_wconf 93' lang='lat' dir='ltr'>honor</span> 
     </span>
     <span class='ocr_line' id='line_1_26' title="bbox 187 1657 1006 1708; baseline -0.001 -11"><span class='ocrx_word' id='word_1_130' title='bbox 187 1658 436 1707; x_wconf 86' lang='lat' dir='ltr'>augeretur,</span> <span class='ocrx_word' id='word_1_131' title='bbox 481 1657 658 1708; x_wconf 81' lang='lat' dir='ltr'>ejusque</span> <span class='ocrx_word' id='word_1_132' title='bbox 702 1658 1006 1708; x_wconf 86' lang='lat' dir='ltr'>praerogativae</span> 
     </span>
     <span class='ocr_line' id='line_1_27' title="bbox 186 1712 704 1754; baseline -0.002 -1"><span class='ocrx_word' id='word_1_133' title='bbox 186 1712 376 1754; x_wconf 88' lang='lat' dir='ltr'>uberiori</span> <span class='ocrx_word' id='word_1_134' title='bbox 394 1712 490 1753; x_wconf 91' lang='lat' dir='ltr'>luce</span> <span class='ocrx_word' id='word_1_135' title='bbox 507 1713 704 1754; x_wconf 90' lang='lat' dir='ltr'>niterent.</span> 
     </span>
    </p>

    <p class='ocr_par' dir='ltr' id='par_1_3' title="bbox 185 1768 1007 2203">
     <span class='ocr_line' id='line_1_28' title="bbox 238 1768 1006 1822; baseline -0.001 -12"><span class='ocrx_word' id='word_1_136' title='bbox 238 1771 286 1822; x_wconf 72' lang='lat' dir='ltr'>R.</span> <span class='ocrx_word' id='word_1_137' title='bbox 308 1769 404 1820; x_wconf 90' lang='lat' dir='ltr'>Ego</span> <span class='ocrx_word' id='word_1_138' title='bbox 425 1781 479 1810; x_wconf 83' lang='lat' dir='ltr'>ex</span> <span class='ocrx_word' id='word_1_139' title='bbox 498 1781 574 1810; x_wconf 91' lang='lat' dir='ltr'>ore</span> <span class='ocrx_word' id='word_1_140' title='bbox 593 1769 803 1810; x_wconf 89' lang='lat' dir='ltr'>Altissimi</span> <span class='ocrx_word' id='word_1_141' title='bbox 822 1768 1006 1821; x_wconf 84' lang='lat' dir='ltr'>prodivi,</span> 
     </span>
     <span class='ocr_line' id='line_1_29' title="bbox 185 1824 1005 1877; baseline 0.002 -13"><span class='ocrx_word' id='word_1_142' title='bbox 185 1824 474 1877; x_wconf 89' lang='lat' dir='ltr'>primogenita</span> <span class='ocrx_word' id='word_1_143' title='bbox 505 1830 604 1866; x_wconf 89' lang='lat' dir='ltr'>ante</span> <span class='ocrx_word' id='word_1_144' title='bbox 637 1837 809 1866; x_wconf 90' lang='lat' dir='ltr'>omnem</span> <span class='ocrx_word' id='word_1_145' title='bbox 841 1828 1005 1866; x_wconf 72' lang='lat' dir='ltr'>creatu-</span> 
     </span>
     <span class='ocr_line' id='line_1_30' title="bbox 186 1880 1006 1931; baseline 0.001 -11"><span class='ocrx_word' id='word_1_146' title='bbox 186 1893 293 1921; x_wconf 90' lang='lat' dir='ltr'>ram:</span> <span class='ocrx_word' id='word_1_147' title='bbox 321 1893 403 1931; x_wconf 91' lang='lat' dir='ltr'>ego</span> <span class='ocrx_word' id='word_1_148' title='bbox 430 1881 511 1921; x_wconf 88' lang='lat' dir='ltr'>feci</span> <span class='ocrx_word' id='word_1_149' title='bbox 535 1881 578 1920; x_wconf 94' lang='lat' dir='ltr'>in</span> <span class='ocrx_word' id='word_1_150' title='bbox 605 1880 726 1921; x_wconf 90' lang='lat' dir='ltr'>coelis</span> <span class='ocrx_word' id='word_1_151' title='bbox 750 1886 797 1922; x_wconf 94' lang='lat' dir='ltr'>ut</span> <span class='ocrx_word' id='word_1_152' title='bbox 822 1881 1006 1922; x_wconf 89' lang='lat' dir='ltr'>oriretur</span> 
     </span>
     <span class='ocr_line' id='line_1_31' title="bbox 185 1935 1007 1978; baseline 0 -1"><span class='ocrx_word' id='word_1_153' title='bbox 185 1936 329 1978; x_wconf 92' lang='lat' dir='ltr'>lumen</span> <span class='ocrx_word' id='word_1_154' title='bbox 345 1936 607 1978; x_wconf 85' lang='lat' dir='ltr'>indeficiens.</span> <span class='ocrx_word' id='word_1_155' title='bbox 627 1943 646 1965; x_wconf 84' lang='lat'>*</span> <span class='ocrx_word' id='word_1_156' title='bbox 663 1935 869 1978; x_wconf 91' lang='lat' dir='ltr'>Nondum</span> <span class='ocrx_word' id='word_1_157' title='bbox 885 1942 1007 1978; x_wconf 89' lang='lat' dir='ltr'>erant</span> 
     </span>
     <span class='ocr_line' id='line_1_32' title="bbox 187 1991 1005 2045; baseline -0.001 -11"><span class='ocrx_word' id='word_1_158' title='bbox 187 1991 346 2045; x_wconf 54' lang='lat' dir='ltr'>abYSSi,</span> <span class='ocrx_word' id='word_1_159' title='bbox 370 1998 413 2034; x_wconf 91' lang='lat' dir='ltr'>et</span> <span class='ocrx_word' id='word_1_160' title='bbox 435 2005 516 2044; x_wconf 89' lang='lat' dir='ltr'>ego</span> <span class='ocrx_word' id='word_1_161' title='bbox 536 1994 619 2044; x_wconf 86' lang='lat' dir='ltr'>jam</span> <span class='ocrx_word' id='word_1_162' title='bbox 643 1994 854 2045; x_wconf 87' lang='lat' dir='ltr'>concepta</span> <span class='ocrx_word' id='word_1_163' title='bbox 878 2005 1005 2033; x_wconf 86' lang='lat' dir='ltr'>eram.</span> 
     </span>
     <span class='ocr_line' id='line_1_33' title="bbox 186 2046 1005 2101; baseline -0.001 -10"><span class='ocrx_word' id='word_1_164' title='bbox 186 2046 235 2098; x_wconf 66' lang='lat' dir='ltr'>V.</span> <span class='ocrx_word' id='word_1_165' title='bbox 262 2049 381 2090; x_wconf 93' lang='lat' dir='ltr'>Deus</span> <span class='ocrx_word' id='word_1_166' title='bbox 406 2049 519 2090; x_wconf 91' lang='lat' dir='ltr'>enim</span> <span class='ocrx_word' id='word_1_167' title='bbox 544 2049 707 2090; x_wconf 75' lang='lat' dir='ltr'>creavit</span> <span class='ocrx_word' id='word_1_168' title='bbox 730 2061 800 2089; x_wconf 89' lang='lat' dir='ltr'>me</span> <span class='ocrx_word' id='word_1_169' title='bbox 825 2049 868 2088; x_wconf 93' lang='lat' dir='ltr'>in</span> <span class='ocrx_word' id='word_1_170' title='bbox 891 2050 1005 2101; x_wconf 91' lang='lat' dir='ltr'>justi-</span> 
     </span>
     <span class='ocr_line' id='line_1_34' title="bbox 185 2104 1005 2158; baseline -0.001 -12"><span class='ocrx_word' id='word_1_171' title='bbox 185 2105 259 2155; x_wconf 90' lang='lat' dir='ltr'>tia,</span> <span class='ocrx_word' id='word_1_172' title='bbox 283 2110 327 2147; x_wconf 89' lang='lat' dir='ltr'>et</span> <span class='ocrx_word' id='word_1_173' title='bbox 348 2104 636 2158; x_wconf 83' lang='lat' dir='ltr'>apprehendit</span> <span class='ocrx_word' id='word_1_174' title='bbox 658 2116 831 2145; x_wconf 92' lang='lat' dir='ltr'>manum</span> <span class='ocrx_word' id='word_1_175' title='bbox 854 2117 1005 2154; x_wconf 89' lang='lat' dir='ltr'>meam,</span> 
     </span>
     <span class='ocr_line' id='line_1_35' title="bbox 188 2159 778 2203; baseline -0.003 -1"><span class='ocrx_word' id='word_1_176' title='bbox 188 2165 231 2202; x_wconf 90' lang='lat' dir='ltr'>et</span> <span class='ocrx_word' id='word_1_177' title='bbox 251 2161 439 2203; x_wconf 75' lang='lat' dir='ltr'>servavit</span> <span class='ocrx_word' id='word_1_178' title='bbox 456 2173 536 2202; x_wconf 91' lang='lat' dir='ltr'>me.</span> <span class='ocrx_word' id='word_1_179' title='bbox 562 2159 778 2202; x_wconf 91' lang='lat' dir='ltr'>Nondum.</span> 
     </span>
    </p>

    <p class='ocr_par' dir='ltr' id='par_1_4' title="bbox 490 2219 695 2259">
     <span class='ocr_line' id='line_1_36' title="bbox 490 2219 695 2259; baseline -0.005 -2"><span class='ocrx_word' id='word_1_180' title='bbox 490 2219 638 2259; x_wconf 78' lang='lat' dir='ltr'>Lectio</span> <span class='ocrx_word' id='word_1_181' title='bbox 661 2233 695 2257; x_wconf 89' lang='lat' dir='ltr'>v.</span> 
     </span>
    </p>

    <p class='ocr_par' dir='ltr' id='par_1_5' title="bbox 234 2277 1005 2331">
     <span class='ocr_line' id='line_1_37' title="bbox 234 2277 1005 2331; baseline -0.001 -12"><span class='ocrx_word' id='word_1_182' title='bbox 234 2282 365 2330; x_wconf 85' lang='lat' dir='ltr'>taque</span> <span class='ocrx_word' id='word_1_183' title='bbox 384 2278 617 2331; x_wconf 78' lang='lat' dir='ltr'>plurimum</span> <span class='ocrx_word' id='word_1_184' title='bbox 635 2278 679 2318; x_wconf 91' lang='lat' dir='ltr'>in</span> <span class='ocrx_word' id='word_1_185' title='bbox 698 2277 886 2319; x_wconf 90' lang='lat' dir='ltr'>Domino</span> <span class='ocrx_word' id='word_1_186' title='bbox 907 2290 1005 2318; x_wconf 91' lang='lat' dir='ltr'>con-</span> 
     </span>
    </p>

    <p class='ocr_par' dir='ltr' id='par_1_6' title="bbox 187 2332 1006 2711">
     <span class='ocr_line' id='line_1_38' title="bbox 250 2332 1006 2387; baseline -0.001 -13"><span class='ocrx_word' id='word_1_187' title='bbox 250 2333 320 2374; x_wconf 87' lang='lat' dir='ltr'>fisi</span> <span class='ocrx_word' id='word_1_188' title='bbox 338 2332 565 2375; x_wconf 84' lang='lat' dir='ltr'>advenisse</span> <span class='ocrx_word' id='word_1_189' title='bbox 584 2335 829 2387; x_wconf 89' lang='lat' dir='ltr'>temporum</span> <span class='ocrx_word' id='word_1_190' title='bbox 849 2346 1006 2386; x_wconf 91' lang='lat' dir='ltr'>oppor-</span> 
     </span>
     <span class='ocr_line' id='line_1_39' title="bbox 187 2389 1006 2442; baseline 0 -12"><span class='ocrx_word' id='word_1_191' title='bbox 187 2389 416 2431; x_wconf 77' lang='lat' dir='ltr'>tunitatem</span> <span class='ocrx_word' id='word_1_192' title='bbox 432 2403 513 2442; x_wconf 91' lang='lat' dir='ltr'>pro</span> <span class='ocrx_word' id='word_1_193' title='bbox 528 2389 810 2431; x_wconf 77' lang='lat' dir='ltr'>Immaculata</span> <span class='ocrx_word' id='word_1_194' title='bbox 830 2391 1006 2430; x_wconf 90' lang='lat' dir='ltr'>sanetis-</span> 
     </span>
     <span class='ocr_line' id='line_1_40' title="bbox 189 2444 1006 2496; baseline 0 -11"><span class='ocrx_word' id='word_1_195' title='bbox 189 2444 308 2486; x_wconf 87' lang='lat' dir='ltr'>simae</span> <span class='ocrx_word' id='word_1_196' title='bbox 317 2445 401 2486; x_wconf 92' lang='lat' dir='ltr'>Dei</span> <span class='ocrx_word' id='word_1_197' title='bbox 414 2446 645 2487; x_wconf 87' lang='lat' dir='ltr'>Genitricis</span> <span class='ocrx_word' id='word_1_198' title='bbox 655 2445 845 2496; x_wconf 83' lang='lat' dir='ltr'>Virginis</span> <span class='ocrx_word' id='word_1_199' title='bbox 858 2445 1006 2486; x_wconf 88' lang='lat' dir='ltr'>Mariae</span> 
     </span>
     <span class='ocr_line' id='line_1_41' title="bbox 190 2499 1006 2553; baseline 0 -12"><span class='ocrx_word' id='word_1_200' title='bbox 190 2501 486 2553; x_wconf 89' lang='lat' dir='ltr'>Conceptione</span> <span class='ocrx_word' id='word_1_201' title='bbox 510 2500 768 2550; x_wconf 88' lang='lat' dir='ltr'>definienda,</span> <span class='ocrx_word' id='word_1_202' title='bbox 794 2514 923 2553; x_wconf 90' lang='lat' dir='ltr'>quam</span> <span class='ocrx_word' id='word_1_203' title='bbox 947 2499 1006 2542; x_wconf 92' lang='lat' dir='ltr'>di-</span> 
     </span>
     <span class='ocr_line' id='line_1_42' title="bbox 188 2555 1005 2608; baseline 0.002 -12"><span class='ocrx_word' id='word_1_204' title='bbox 188 2558 288 2597; x_wconf 91' lang='lat' dir='ltr'>vina</span> <span class='ocrx_word' id='word_1_205' title='bbox 318 2556 508 2608; x_wconf 89' lang='lat' dir='ltr'>eloquia,</span> <span class='ocrx_word' id='word_1_206' title='bbox 541 2556 789 2599; x_wconf 78' lang='lat' dir='ltr'>veneranda</span> <span class='ocrx_word' id='word_1_207' title='bbox 818 2555 1005 2606; x_wconf 87' lang='lat' dir='ltr'>traditio,</span> 
     </span>
     <span class='ocr_line' id='line_1_43' title="bbox 188 2613 1004 2664; baseline -0.001 -11"><span class='ocrx_word' id='word_1_208' title='bbox 188 2613 424 2664; x_wconf 89' lang='lat' dir='ltr'>perpetuus</span> <span class='ocrx_word' id='word_1_209' title='bbox 443 2613 653 2654; x_wconf 77' lang='lat' dir='ltr'>Ecclesiae</span> <span class='ocrx_word' id='word_1_210' title='bbox 677 2626 842 2662; x_wconf 90' lang='lat' dir='ltr'>sensus,</span> <span class='ocrx_word' id='word_1_211' title='bbox 866 2613 1004 2662; x_wconf 90' lang='lat' dir='ltr'>singu-</span> 
     </span>
     <span class='ocr_line' id='line_1_44' title="bbox 189 2667 1005 2711; baseline 0.001 -3"><span class='ocrx_word' id='word_1_212' title='bbox 189 2667 291 2708; x_wconf 71' lang='lat' dir='ltr'>laris</span> <span class='ocrx_word' id='word_1_213' title='bbox 326 2667 638 2710; x_wconf 85' lang='lat' dir='ltr'>catholicorum</span> <span class='ocrx_word' id='word_1_214' title='bbox 670 2669 924 2711; x_wconf 89' lang='lat' dir='ltr'>Antistitum</span> <span class='ocrx_word' id='word_1_215' title='bbox 955 2681 1005 2710; x_wconf 87' lang='lat' dir='ltr'>ac</span> 
     </span>
    </p>
   </div>
   <div class='ocr_carea' id='block_1_3' title="bbox 189 2723 1005 2777">
    <p class='ocr_par' dir='ltr' id='par_1_7' title="bbox 189 2723 1005 2777">
     <span class='ocr_line' id='line_1_45' title="bbox 189 2723 1005 2777; baseline 0.001 -13"><span class='ocrx_word' id='word_1_216' title='bbox 189 2723 381 2765; x_wconf 91' lang='lat' dir='ltr'>fidelium</span> <span class='ocrx_word' id='word_1_217' title='bbox 420 2725 704 2777; x_wconf 68' lang='lat' dir='ltr'>conspiratio,</span> <span class='ocrx_word' id='word_1_218' title='bbox 744 2730 787 2767; x_wconf 92' lang='lat' dir='ltr'>et</span> <span class='ocrx_word' id='word_1_219' title='bbox 824 2725 1005 2775; x_wconf 85' lang='lat' dir='ltr'>insignia</span> 
     </span>
    </p>
   </div>
   <div class='ocr_carea' id='block_1_4' title="bbox 1055 304 1881 2778">
    <p class='ocr_par' dir='ltr' id='par_1_8' title="bbox 1058 304 1881 1315">
     <span class='ocr_line' id='line_1_46' title="bbox 1058 304 1879 358; baseline 0.004 -12"><span class='ocrx_word' id='word_1_220' title='bbox 1058 304 1433 358; x_wconf 75' lang='lat' dir='ltr'>praedecessorum</span> <span class='ocrx_word' id='word_1_221' title='bbox 1478 310 1726 349; x_wconf 88' lang='lat' dir='ltr'>nostrorum</span> <span class='ocrx_word' id='word_1_222' title='bbox 1772 312 1879 357; x_wconf 88' lang='lat' dir='ltr'>acta,</span> 
     </span>
     <span class='ocr_line' id='line_1_47' title="bbox 1060 362 1879 405; baseline 0.002 -2"><span class='ocrx_word' id='word_1_223' title='bbox 1060 362 1390 404; x_wconf 79' lang='lat' dir='ltr'>constitutiones</span> <span class='ocrx_word' id='word_1_224' title='bbox 1439 364 1617 405; x_wconf 88' lang='lat' dir='ltr'>mirifice</span> <span class='ocrx_word' id='word_1_225' title='bbox 1664 364 1879 405; x_wconf 81' lang='lat' dir='ltr'>illustrant</span> 
     </span>
     <span class='ocr_line' id='line_1_48' title="bbox 1060 418 1878 470; baseline 0.002 -11"><span class='ocrx_word' id='word_1_226' title='bbox 1060 423 1190 470; x_wconf 87' lang='lat' dir='ltr'>atque</span> <span class='ocrx_word' id='word_1_227' title='bbox 1228 418 1469 469; x_wconf 76' lang='lat' dir='ltr'>declarant3</span> <span class='ocrx_word' id='word_1_228' title='bbox 1514 419 1643 461; x_wconf 90' lang='lat' dir='ltr'>rebus</span> <span class='ocrx_word' id='word_1_229' title='bbox 1679 420 1878 461; x_wconf 91' lang='lat' dir='ltr'>omnibus</span> 
     </span>
     <span class='ocr_line' id='line_1_49' title="bbox 1060 473 1879 528; baseline 0.002 -14"><span class='ocrx_word' id='word_1_230' title='bbox 1060 473 1386 525; x_wconf 88' lang='lat' dir='ltr'>diligentissime</span> <span class='ocrx_word' id='word_1_231' title='bbox 1399 476 1625 528; x_wconf 82' lang='lat' dir='ltr'>perpensis</span> <span class='ocrx_word' id='word_1_232' title='bbox 1639 481 1682 517; x_wconf 88' lang='lat' dir='ltr'>et</span> <span class='ocrx_word' id='word_1_233' title='bbox 1694 475 1879 517; x_wconf 84' lang='lat' dir='ltr'>assiduis</span> 
     </span>
     <span class='ocr_line' id='line_1_50' title="bbox 1059 529 1878 584; baseline 0.002 -13"><span class='ocrx_word' id='word_1_234' title='bbox 1059 529 1323 582; x_wconf 88' lang='lat' dir='ltr'>fervidisque</span> <span class='ocrx_word' id='word_1_235' title='bbox 1339 530 1395 572; x_wconf 90' lang='lat' dir='ltr'>ad</span> <span class='ocrx_word' id='word_1_236' title='bbox 1405 532 1546 572; x_wconf 89' lang='lat' dir='ltr'>Deum</span> <span class='ocrx_word' id='word_1_237' title='bbox 1561 532 1762 584; x_wconf 90' lang='lat' dir='ltr'>precibus</span> <span class='ocrx_word' id='word_1_238' title='bbox 1777 532 1878 573; x_wconf 86' lang='lat' dir='ltr'>effu-</span> 
     </span>
     <span class='ocr_line' id='line_1_51' title="bbox 1061 587 1878 637; baseline 0.004 -10"><span class='ocrx_word' id='word_1_239' title='bbox 1061 587 1129 637; x_wconf 88' lang='lat' dir='ltr'>sis,</span> <span class='ocrx_word' id='word_1_240' title='bbox 1145 587 1319 628; x_wconf 92' lang='lat' dir='ltr'>minime</span> <span class='ocrx_word' id='word_1_241' title='bbox 1336 587 1629 629; x_wconf 79' lang='lat' dir='ltr'>cunctandum</span> <span class='ocrx_word' id='word_1_242' title='bbox 1642 587 1768 630; x_wconf 86' lang='lat' dir='ltr'>nobis</span> <span class='ocrx_word' id='word_1_243' title='bbox 1783 601 1878 630; x_wconf 89' lang='lat' dir='ltr'>esse</span> 
     </span>
     <span class='ocr_line' id='line_1_52' title="bbox 1061 643 1879 695; baseline 0.001 -12"><span class='ocrx_word' id='word_1_244' title='bbox 1061 643 1316 693; x_wconf 78' lang='lat' dir='ltr'>censuimus,</span> <span class='ocrx_word' id='word_1_245' title='bbox 1337 645 1539 695; x_wconf 89' lang='lat' dir='ltr'>supremo</span> <span class='ocrx_word' id='word_1_246' title='bbox 1556 649 1706 685; x_wconf 89' lang='lat' dir='ltr'>nostro</span> <span class='ocrx_word' id='word_1_247' title='bbox 1723 644 1879 695; x_wconf 89' lang='lat' dir='ltr'>judicio</span> 
     </span>
     <span class='ocr_line' id='line_1_53' title="bbox 1059 699 1878 752; baseline 0.002 -13"><span class='ocrx_word' id='word_1_248' title='bbox 1059 699 1386 741; x_wconf 80' lang='lat' dir='ltr'>Immaculatam</span> <span class='ocrx_word' id='word_1_249' title='bbox 1405 700 1541 752; x_wconf 90' lang='lat' dir='ltr'>ipsius</span> <span class='ocrx_word' id='word_1_250' title='bbox 1559 700 1749 751; x_wconf 87' lang='lat' dir='ltr'>Virginis</span> <span class='ocrx_word' id='word_1_251' title='bbox 1770 701 1878 741; x_wconf 93' lang='lat' dir='ltr'>Con—</span> 
     </span>
     <span class='ocr_line' id='line_1_54' title="bbox 1060 755 1879 808; baseline 0.001 -12"><span class='ocrx_word' id='word_1_252' title='bbox 1060 756 1305 808; x_wconf 89' lang='lat' dir='ltr'>ceptionem</span> <span class='ocrx_word' id='word_1_253' title='bbox 1325 759 1507 806; x_wconf 90' lang='lat' dir='ltr'>sancire,</span> <span class='ocrx_word' id='word_1_254' title='bbox 1532 755 1725 806; x_wconf 85' lang='lat' dir='ltr'>definire,</span> <span class='ocrx_word' id='word_1_255' title='bbox 1750 762 1879 808; x_wconf 88' lang='lat' dir='ltr'>atque</span> 
     </span>
     <span class='ocr_line' id='line_1_55' title="bbox 1059 812 1879 864; baseline 0.001 -12"><span class='ocrx_word' id='word_1_256' title='bbox 1059 812 1119 853; x_wconf 88' lang='lat' dir='ltr'>ita</span> <span class='ocrx_word' id='word_1_257' title='bbox 1141 812 1418 864; x_wconf 90' lang='lat' dir='ltr'>pientissimis</span> <span class='ocrx_word' id='word_1_258' title='bbox 1443 813 1643 854; x_wconf 88' lang='lat' dir='ltr'>catholici</span> <span class='ocrx_word' id='word_1_259' title='bbox 1668 813 1785 854; x_wconf 91' lang='lat' dir='ltr'>orbis</span> <span class='ocrx_word' id='word_1_260' title='bbox 1809 812 1879 854; x_wconf 92' lang='lat' dir='ltr'>de-</span> 
     </span>
     <span class='ocr_line' id='line_1_56' title="bbox 1061 867 1880 921; baseline 0 -13"><span class='ocrx_word' id='word_1_261' title='bbox 1061 867 1246 918; x_wconf 88' lang='lat' dir='ltr'>sideriis,</span> <span class='ocrx_word' id='word_1_262' title='bbox 1274 871 1523 921; x_wconf 67' lang='lat' dir='ltr'>nostraeque</span> <span class='ocrx_word' id='word_1_263' title='bbox 1551 869 1593 909; x_wconf 93' lang='lat' dir='ltr'>in</span> <span class='ocrx_word' id='word_1_264' title='bbox 1620 870 1759 921; x_wconf 83' lang='lat' dir='ltr'>ipsam</span> <span class='ocrx_word' id='word_1_265' title='bbox 1789 882 1880 909; x_wconf 86' lang='lat' dir='ltr'>san-</span> 
     </span>
     <span class='ocr_line' id='line_1_57' title="bbox 1060 924 1880 977; baseline 0 -12"><span class='ocrx_word' id='word_1_266' title='bbox 1060 924 1295 966; x_wconf 88' lang='lat' dir='ltr'>ctissimam</span> <span class='ocrx_word' id='word_1_267' title='bbox 1322 925 1546 975; x_wconf 89' lang='lat' dir='ltr'>Virginem</span> <span class='ocrx_word' id='word_1_268' title='bbox 1579 925 1730 977; x_wconf 76' lang='lat' dir='ltr'>pietati</span> <span class='ocrx_word' id='word_1_269' title='bbox 1762 925 1880 966; x_wconf 88' lang='lat' dir='ltr'>satis-</span> 
     </span>
     <span class='ocr_line' id='line_1_58' title="bbox 1060 981 1881 1034; baseline 0.002 -14"><span class='ocrx_word' id='word_1_270' title='bbox 1060 981 1213 1029; x_wconf 72' lang='lat' dir='ltr'>facere,</span> <span class='ocrx_word' id='word_1_271' title='bbox 1233 994 1283 1022; x_wconf 89' lang='lat' dir='ltr'>ac</span> <span class='ocrx_word' id='word_1_272' title='bbox 1302 981 1429 1022; x_wconf 91' lang='lat' dir='ltr'>simul</span> <span class='ocrx_word' id='word_1_273' title='bbox 1443 982 1486 1021; x_wconf 95' lang='lat' dir='ltr'>in</span> <span class='ocrx_word' id='word_1_274' title='bbox 1506 982 1600 1034; x_wconf 84' lang='lat' dir='ltr'>ipsa</span> <span class='ocrx_word' id='word_1_275' title='bbox 1616 981 1881 1032; x_wconf 88' lang='lat' dir='ltr'>unigenitum</span> 
     </span>
     <span class='ocr_line' id='line_1_59' title="bbox 1060 1036 1881 1078; baseline 0.001 -2"><span class='ocrx_word' id='word_1_276' title='bbox 1060 1036 1214 1077; x_wconf 91' lang='lat' dir='ltr'>Filium</span> <span class='ocrx_word' id='word_1_277' title='bbox 1252 1050 1377 1078; x_wconf 93' lang='lat' dir='ltr'>suum</span> <span class='ocrx_word' id='word_1_278' title='bbox 1412 1038 1647 1078; x_wconf 91' lang='lat' dir='ltr'>Dominum</span> <span class='ocrx_word' id='word_1_279' title='bbox 1685 1043 1881 1078; x_wconf 91' lang='lat' dir='ltr'>nostrum</span> 
     </span>
     <span class='ocr_line' id='line_1_60' title="bbox 1059 1093 1880 1146; baseline 0.001 -13"><span class='ocrx_word' id='word_1_280' title='bbox 1059 1093 1082 1133; x_wconf 92' lang='lat' dir='ltr'><strong>J</strong></span> <span class='ocrx_word' id='word_1_281' title='bbox 1086 1101 1206 1134; x_wconf 87' lang='lat' dir='ltr'>esum&#39;</span> <span class='ocrx_word' id='word_1_282' title='bbox 1231 1093 1448 1135; x_wconf 89' lang='lat' dir='ltr'>Christum</span> <span class='ocrx_word' id='word_1_283' title='bbox 1475 1094 1611 1144; x_wconf 84' lang='lat' dir='ltr'>magis</span> <span class='ocrx_word' id='word_1_284' title='bbox 1639 1099 1769 1146; x_wconf 89' lang='lat' dir='ltr'>atque</span> <span class='ocrx_word' id='word_1_285' title='bbox 1794 1106 1880 1134; x_wconf 88' lang='lat' dir='ltr'>ma-</span> 
     </span>
     <span class='ocr_line' id='line_1_61' title="bbox 1059 1150 1880 1200; baseline 0.001 -11"><span class='ocrx_word' id='word_1_286' title='bbox 1059 1150 1124 1200; x_wconf 91' lang='lat' dir='ltr'>gis</span> <span class='ocrx_word' id='word_1_287' title='bbox 1159 1150 1467 1200; x_wconf 81' lang='lat' dir='ltr'>honorificare,</span> <span class='ocrx_word' id='word_1_288' title='bbox 1513 1163 1610 1191; x_wconf 91' lang='lat' dir='ltr'>cum</span> <span class='ocrx_word' id='word_1_289' title='bbox 1647 1151 1690 1190; x_wconf 93' lang='lat' dir='ltr'>in</span> <span class='ocrx_word' id='word_1_290' title='bbox 1726 1150 1880 1190; x_wconf 88' lang='lat' dir='ltr'>Filium</span> 
     </span>
     <span class='ocr_line' id='line_1_62' title="bbox 1060 1205 1879 1258; baseline 0 -12"><span class='ocrx_word' id='word_1_291' title='bbox 1060 1205 1273 1247; x_wconf 83' lang='lat' dir='ltr'>redundet</span> <span class='ocrx_word' id='word_1_292' title='bbox 1298 1206 1508 1258; x_wconf 93' lang='lat' dir='ltr'>quidquid</span> <span class='ocrx_word' id='word_1_293' title='bbox 1528 1207 1704 1248; x_wconf 90' lang='lat' dir='ltr'>honoris</span> <span class='ocrx_word' id='word_1_294' title='bbox 1728 1212 1771 1247; x_wconf 88' lang='lat' dir='ltr'>et</span> <span class='ocrx_word' id='word_1_295' title='bbox 1792 1206 1879 1247; x_wconf 91' lang='lat' dir='ltr'>lau—</span> 
     </span>
     <span class='ocr_line' id='line_1_63' title="bbox 1061 1261 1681 1315; baseline 0.002 -12"><span class='ocrx_word' id='word_1_296' title='bbox 1061 1261 1126 1303; x_wconf 88' lang='lat' dir='ltr'>dis</span> <span class='ocrx_word' id='word_1_297' title='bbox 1146 1262 1188 1302; x_wconf 93' lang='lat' dir='ltr'>in</span> <span class='ocrx_word' id='word_1_298' title='bbox 1208 1262 1390 1303; x_wconf 89' lang='lat' dir='ltr'>Matrem</span> <span class='ocrx_word' id='word_1_299' title='bbox 1409 1263 1681 1315; x_wconf 91' lang='lat' dir='ltr'>impenditur.</span> 
     </span>
    </p>

    <p class='ocr_par' dir='ltr' id='par_1_9' title="bbox 1060 1322 1880 1644">
     <span class='ocr_line' id='line_1_64' title="bbox 1111 1322 1879 1377; baseline 0 -15"><span class='ocrx_word' id='word_1_300' title='bbox 1111 1326 1159 1377; x_wconf 66' lang='lat' dir='ltr'>R.</span> <span class='ocrx_word' id='word_1_301' title='bbox 1189 1322 1306 1363; x_wconf 92' lang='lat' dir='ltr'>Nihil</span> <span class='ocrx_word' id='word_1_302' title='bbox 1333 1323 1603 1375; x_wconf 79' lang='lat' dir='ltr'>inquinatum</span> <span class='ocrx_word' id='word_1_303' title='bbox 1629 1323 1671 1363; x_wconf 93' lang='lat' dir='ltr'>in</span> <span class='ocrx_word' id='word_1_304' title='bbox 1700 1336 1795 1364; x_wconf 91' lang='lat' dir='ltr'>eam</span> <span class='ocrx_word' id='word_1_305' title='bbox 1821 1322 1879 1362; x_wconf 87' lang='lat' dir='ltr'>in-</span> 
     </span>
     <span class='ocr_line' id='line_1_65' title="bbox 1061 1379 1879 1421; baseline -0.001 -2"><span class='ocrx_word' id='word_1_306' title='bbox 1061 1379 1208 1420; x_wconf 82' lang='lat' dir='ltr'>currit:</span> <span class='ocrx_word' id='word_1_307' title='bbox 1233 1383 1253 1402; x_wconf 79' lang='lat'>*</span> <span class='ocrx_word' id='word_1_308' title='bbox 1281 1379 1455 1420; x_wconf 90' lang='lat' dir='ltr'>Candor</span> <span class='ocrx_word' id='word_1_309' title='bbox 1480 1386 1546 1421; x_wconf 88' lang='lat' dir='ltr'>est</span> <span class='ocrx_word' id='word_1_310' title='bbox 1571 1379 1679 1420; x_wconf 90' lang='lat' dir='ltr'>lucis</span> <span class='ocrx_word' id='word_1_311' title='bbox 1706 1381 1879 1420; x_wconf 87' lang='lat' dir='ltr'>aeternae</span> 
     </span>
     <span class='ocr_line' id='line_1_66' title="bbox 1060 1431 1880 1487; baseline 0 -11"><span class='ocrx_word' id='word_1_312' title='bbox 1060 1441 1104 1476; x_wconf 91' lang='lat' dir='ltr'>et</span> <span class='ocrx_word' id='word_1_313' title='bbox 1132 1435 1354 1487; x_wconf 89' lang='lat' dir='ltr'>speculum</span> <span class='ocrx_word' id='word_1_314' title='bbox 1382 1435 1472 1476; x_wconf 91' lang='lat' dir='ltr'>sine</span> <span class='ocrx_word' id='word_1_315' title='bbox 1500 1436 1679 1477; x_wconf 81' lang='lat' dir='ltr'>macula.</span> <span class='ocrx_word' id='word_1_316' title='bbox 1723 1431 1771 1483; x_wconf 61' lang='lat' dir='ltr'>V.</span> <span class='ocrx_word' id='word_1_317' title='bbox 1801 1435 1880 1477; x_wconf 88' lang='lat' dir='ltr'>Est</span> 
     </span>
     <span class='ocr_line' id='line_1_67' title="bbox 1061 1491 1879 1544; baseline -0.001 -13"><span class='ocrx_word' id='word_1_318' title='bbox 1061 1491 1173 1532; x_wconf 90' lang='lat' dir='ltr'>enim</span> <span class='ocrx_word' id='word_1_319' title='bbox 1198 1491 1293 1532; x_wconf 88' lang='lat' dir='ltr'>haec</span> <span class='ocrx_word' id='word_1_320' title='bbox 1321 1492 1561 1544; x_wconf 91' lang='lat' dir='ltr'>speciosior</span> <span class='ocrx_word' id='word_1_321' title='bbox 1589 1492 1697 1541; x_wconf 90' lang='lat' dir='ltr'>sole,</span> <span class='ocrx_word' id='word_1_322' title='bbox 1726 1497 1768 1532; x_wconf 89' lang='lat' dir='ltr'>et</span> <span class='ocrx_word' id='word_1_323' title='bbox 1795 1491 1879 1531; x_wconf 90' lang='lat' dir='ltr'>luci</span> 
     </span>
     <span class='ocr_line' id='line_1_68' title="bbox 1060 1547 1879 1600; baseline -0.001 -12"><span class='ocrx_word' id='word_1_324' title='bbox 1060 1550 1311 1600; x_wconf 78' lang='lat' dir='ltr'>comparata</span> <span class='ocrx_word' id='word_1_325' title='bbox 1336 1548 1550 1589; x_wconf 88' lang='lat' dir='ltr'>invenitur</span> <span class='ocrx_word' id='word_1_326' title='bbox 1575 1548 1735 1600; x_wconf 81' lang='lat' dir='ltr'>purior.</span> <span class='ocrx_word' id='word_1_327' title='bbox 1774 1547 1879 1588; x_wconf 85' lang='lat' dir='ltr'>Can-</span> 
     </span>
     <span class='ocr_line' id='line_1_69' title="bbox 1060 1602 1236 1644; baseline 0 0"><span class='ocrx_word' id='word_1_328' title='bbox 1060 1602 1141 1644; x_wconf 91' lang='lat' dir='ltr'>dor</span> <span class='ocrx_word' id='word_1_329' title='bbox 1160 1609 1236 1644; x_wconf 89' lang='lat' dir='ltr'>est.</span> 
     </span>
    </p>

    <p class='ocr_par' dir='ltr' id='par_1_10' title="bbox 1359 1657 1581 1697">
     <span class='ocr_line' id='line_1_70' title="bbox 1359 1657 1581 1697; baseline -0.005 -1"><span class='ocrx_word' id='word_1_330' title='bbox 1359 1658 1504 1697; x_wconf 65' lang='lat' dir='ltr'>Lectio</span> <span class='ocrx_word' id='word_1_331' title='bbox 1532 1657 1581 1696; x_wconf 77' lang='lat' dir='ltr'>vi.</span> 
     </span>
    </p>

    <p class='ocr_par' dir='ltr' id='par_1_11' title="bbox 1141 1718 1876 1769">
     <span class='ocr_line' id='line_1_71' title="bbox 1141 1718 1876 1769; baseline 0.001 -12"><span class='ocrx_word' id='word_1_332' title='bbox 1141 1729 1244 1757; x_wconf 87' lang='lat' dir='ltr'>uare</span> <span class='ocrx_word' id='word_1_333' title='bbox 1259 1721 1494 1768; x_wconf 87' lang='lat' dir='ltr'>postquam</span> <span class='ocrx_word' id='word_1_334' title='bbox 1507 1730 1740 1769; x_wconf 87' lang='lat' dir='ltr'>numquam</span> <span class='ocrx_word' id='word_1_335' title='bbox 1753 1718 1876 1758; x_wconf 89' lang='lat' dir='ltr'>inter-</span> 
     </span>
    </p>

    <p class='ocr_par' dir='ltr' id='par_1_12' title="bbox 1055 1772 1879 2778">
     <span class='ocr_line' id='line_1_72' title="bbox 1160 1772 1878 1825; baseline 0 -12"><span class='ocrx_word' id='word_1_336' title='bbox 1160 1773 1354 1813; x_wconf 86' lang='lat' dir='ltr'>misimus</span> <span class='ocrx_word' id='word_1_337' title='bbox 1381 1773 1424 1812; x_wconf 94' lang='lat' dir='ltr'>in</span> <span class='ocrx_word' id='word_1_338' title='bbox 1448 1772 1686 1814; x_wconf 76' lang='lat' dir='ltr'>humilitate</span> <span class='ocrx_word' id='word_1_339' title='bbox 1715 1780 1758 1815; x_wconf 83' lang='lat' dir='ltr'>et</span> <span class='ocrx_word' id='word_1_340' title='bbox 1780 1774 1878 1825; x_wconf 83' lang='lat' dir='ltr'>ieju-</span> 
     </span>
     <span class='ocr_line' id='line_1_73' title="bbox 1058 1829 1878 1881; baseline 0 -12"><span class='ocrx_word' id='word_1_341' title='bbox 1058 1829 1129 1870; x_wconf 93' lang='lat' dir='ltr'>nio</span> <span class='ocrx_word' id='word_1_342' title='bbox 1165 1829 1356 1881; x_wconf 83' lang='lat' dir='ltr'>privatas</span> <span class='ocrx_word' id='word_1_343' title='bbox 1392 1835 1564 1869; x_wconf 88' lang='lat' dir='ltr'>nostras</span> <span class='ocrx_word' id='word_1_344' title='bbox 1604 1835 1646 1870; x_wconf 89' lang='lat' dir='ltr'>et</span> <span class='ocrx_word' id='word_1_345' title='bbox 1682 1829 1878 1881; x_wconf 85' lang='lat' dir='ltr'>publicas</span> 
     </span>
     <span class='ocr_line' id='line_1_74' title="bbox 1058 1885 1877 1938; baseline -0.001 -12"><span class='ocrx_word' id='word_1_346' title='bbox 1058 1885 1268 1926; x_wconf 82' lang='lat' dir='ltr'>Ecclesiae</span> <span class='ocrx_word' id='word_1_347' title='bbox 1290 1897 1443 1936; x_wconf 88' lang='lat' dir='ltr'>preces</span> <span class='ocrx_word' id='word_1_348' title='bbox 1462 1885 1558 1925; x_wconf 92' lang='lat' dir='ltr'>Deo</span> <span class='ocrx_word' id='word_1_349' title='bbox 1578 1885 1695 1926; x_wconf 88' lang='lat' dir='ltr'>Patri</span> <span class='ocrx_word' id='word_1_350' title='bbox 1716 1899 1794 1938; x_wconf 90' lang='lat' dir='ltr'>per</span> <span class='ocrx_word' id='word_1_351' title='bbox 1814 1886 1877 1925; x_wconf 92' lang='lat' dir='ltr'>Fi-</span> 
     </span>
     <span class='ocr_line' id='line_1_75' title="bbox 1057 1940 1879 1993; baseline 0.001 -12"><span class='ocrx_word' id='word_1_352' title='bbox 1057 1941 1161 1981; x_wconf 93' lang='lat' dir='ltr'>lium</span> <span class='ocrx_word' id='word_1_353' title='bbox 1181 1942 1269 1993; x_wconf 91' lang='lat' dir='ltr'>ejus</span> <span class='ocrx_word' id='word_1_354' title='bbox 1290 1940 1456 1990; x_wconf 87' lang='lat' dir='ltr'>offerre,</span> <span class='ocrx_word' id='word_1_355' title='bbox 1476 1947 1523 1982; x_wconf 89' lang='lat' dir='ltr'>ut</span> <span class='ocrx_word' id='word_1_356' title='bbox 1538 1941 1722 1993; x_wconf 86' lang='lat' dir='ltr'>Spiritus</span> <span class='ocrx_word' id='word_1_357' title='bbox 1742 1942 1879 1983; x_wconf 87' lang='lat' dir='ltr'>sancti</span> 
     </span>
     <span class='ocr_line' id='line_1_76' title="bbox 1058 1997 1878 2049; baseline 0.001 -11"><span class='ocrx_word' id='word_1_358' title='bbox 1058 1997 1216 2039; x_wconf 82' lang='lat' dir='ltr'>virtute</span> <span class='ocrx_word' id='word_1_359' title='bbox 1248 2002 1436 2038; x_wconf 89' lang='lat' dir='ltr'>mentem</span> <span class='ocrx_word' id='word_1_360' title='bbox 1468 2003 1661 2039; x_wconf 90' lang='lat' dir='ltr'>nostram</span> <span class='ocrx_word' id='word_1_361' title='bbox 1693 1997 1878 2049; x_wconf 86' lang='lat' dir='ltr'>dirigere</span> 
     </span>
     <span class='ocr_line' id='line_1_77' title="bbox 1059 2052 1878 2106; baseline 0.001 -12"><span class='ocrx_word' id='word_1_362' title='bbox 1059 2058 1102 2094; x_wconf 93' lang='lat' dir='ltr'>et</span> <span class='ocrx_word' id='word_1_363' title='bbox 1135 2052 1391 2094; x_wconf 77' lang='lat' dir='ltr'>confirmare</span> <span class='ocrx_word' id='word_1_364' title='bbox 1426 2052 1693 2103; x_wconf 86' lang='lat' dir='ltr'>dignaretur,</span> <span class='ocrx_word' id='word_1_365' title='bbox 1728 2054 1878 2106; x_wconf 93' lang='lat' dir='ltr'>implo-</span> 
     </span>
     <span class='ocr_line' id='line_1_78' title="bbox 1058 2109 1877 2162; baseline 0.002 -13"><span class='ocrx_word' id='word_1_366' title='bbox 1058 2111 1153 2150; x_wconf 81' lang='lat' dir='ltr'>rato</span> <span class='ocrx_word' id='word_1_367' title='bbox 1172 2109 1384 2150; x_wconf 86' lang='lat' dir='ltr'>universae</span> <span class='ocrx_word' id='word_1_368' title='bbox 1407 2109 1597 2151; x_wconf 89' lang='lat' dir='ltr'>coelestis</span> <span class='ocrx_word' id='word_1_369' title='bbox 1619 2110 1750 2151; x_wconf 83' lang='lat' dir='ltr'>curiae</span> <span class='ocrx_word' id='word_1_370' title='bbox 1768 2123 1877 2162; x_wconf 88' lang='lat' dir='ltr'>prae-</span> 
     </span>
     <span class='ocr_line' id='line_1_79' title="bbox 1058 2164 1877 2216; baseline 0.001 -11"><span class='ocrx_word' id='word_1_371' title='bbox 1058 2164 1186 2214; x_wconf 90' lang='lat' dir='ltr'>sidio,</span> <span class='ocrx_word' id='word_1_372' title='bbox 1212 2170 1256 2206; x_wconf 92' lang='lat' dir='ltr'>et</span> <span class='ocrx_word' id='word_1_373' title='bbox 1282 2164 1497 2206; x_wconf 75' lang='lat' dir='ltr'>advocato</span> <span class='ocrx_word' id='word_1_374' title='bbox 1525 2178 1622 2206; x_wconf 93' lang='lat' dir='ltr'>cum</span> <span class='ocrx_word' id='word_1_375' title='bbox 1648 2165 1877 2216; x_wconf 84' lang='lat' dir='ltr'>gemitibus</span> 
     </span>
     <span class='ocr_line' id='line_1_80' title="bbox 1058 2221 1876 2275; baseline 0 -13"><span class='ocrx_word' id='word_1_376' title='bbox 1058 2221 1272 2263; x_wconf 81' lang='lat' dir='ltr'>Paraclito</span> <span class='ocrx_word' id='word_1_377' title='bbox 1299 2222 1479 2274; x_wconf 91' lang='lat' dir='ltr'>Spiritu,</span> <span class='ocrx_word' id='word_1_378' title='bbox 1510 2224 1651 2274; x_wconf 88' lang='lat' dir='ltr'>eoque</span> <span class='ocrx_word' id='word_1_379' title='bbox 1679 2223 1741 2264; x_wconf 91' lang='lat' dir='ltr'>sic</span> <span class='ocrx_word' id='word_1_380' title='bbox 1768 2223 1876 2275; x_wconf 88' lang='lat' dir='ltr'>aspi-</span> 
     </span>
     <span class='ocr_line' id='line_1_81' title="bbox 1058 2277 1876 2320; baseline 0.002 -2"><span class='ocrx_word' id='word_1_381' title='bbox 1058 2280 1194 2319; x_wconf 78' lang='lat' dir='ltr'>rante:</span> <span class='ocrx_word' id='word_1_382' title='bbox 1219 2277 1275 2319; x_wconf 84' lang='lat' dir='ltr'>ad</span> <span class='ocrx_word' id='word_1_383' title='bbox 1294 2278 1505 2319; x_wconf 81' lang='lat' dir='ltr'>honorem</span> <span class='ocrx_word' id='word_1_384' title='bbox 1527 2284 1689 2320; x_wconf 89' lang='lat' dir='ltr'>sanctae</span> <span class='ocrx_word' id='word_1_385' title='bbox 1709 2285 1751 2320; x_wconf 92' lang='lat' dir='ltr'>et</span> <span class='ocrx_word' id='word_1_386' title='bbox 1771 2278 1876 2320; x_wconf 91' lang='lat' dir='ltr'>indi-</span> 
     </span>
     <span class='ocr_line' id='line_1_82' title="bbox 1058 2333 1876 2384; baseline 0.002 -10"><span class='ocrx_word' id='word_1_387' title='bbox 1058 2333 1200 2375; x_wconf 86' lang='lat' dir='ltr'>viduae</span> <span class='ocrx_word' id='word_1_388' title='bbox 1226 2333 1467 2384; x_wconf 82' lang='lat' dir='ltr'>Trinitatis,</span> <span class='ocrx_word' id='word_1_389' title='bbox 1496 2334 1553 2376; x_wconf 89' lang='lat' dir='ltr'>ad</span> <span class='ocrx_word' id='word_1_390' title='bbox 1580 2334 1712 2376; x_wconf 91' lang='lat' dir='ltr'>decus</span> <span class='ocrx_word' id='word_1_391' title='bbox 1740 2341 1783 2376; x_wconf 93' lang='lat' dir='ltr'>et</span> <span class='ocrx_word' id='word_1_392' title='bbox 1811 2348 1876 2376; x_wconf 91' lang='lat' dir='ltr'>or-</span> 
     </span>
     <span class='ocr_line' id='line_1_83' title="bbox 1057 2391 1876 2443; baseline 0.002 -13"><span class='ocrx_word' id='word_1_393' title='bbox 1057 2391 1306 2431; x_wconf 89' lang='lat' dir='ltr'>namentum</span> <span class='ocrx_word' id='word_1_394' title='bbox 1337 2391 1530 2442; x_wconf 92' lang='lat' dir='ltr'>Virginis</span> <span class='ocrx_word' id='word_1_395' title='bbox 1563 2391 1784 2443; x_wconf 89' lang='lat' dir='ltr'>Deiparae,</span> <span class='ocrx_word' id='word_1_396' title='bbox 1821 2391 1876 2432; x_wconf 92' lang='lat' dir='ltr'>ad</span> 
     </span>
     <span class='ocr_line' id='line_1_84' title="bbox 1058 2446 1876 2489; baseline 0.002 -3"><span class='ocrx_word' id='word_1_397' title='bbox 1058 2446 1365 2488; x_wconf 84' lang='lat' dir='ltr'>exaltationem</span> <span class='ocrx_word' id='word_1_398' title='bbox 1410 2446 1514 2488; x_wconf 89' lang='lat' dir='ltr'>fidei</span> <span class='ocrx_word' id='word_1_399' title='bbox 1563 2446 1788 2488; x_wconf 74' lang='lat' dir='ltr'>catholicae</span> <span class='ocrx_word' id='word_1_400' title='bbox 1833 2453 1876 2489; x_wconf 92' lang='lat' dir='ltr'>et</span> 
     </span>
     <span class='ocr_line' id='line_1_85' title="bbox 1058 2501 1875 2554; baseline 0.001 -12"><span class='ocrx_word' id='word_1_401' title='bbox 1058 2501 1302 2543; x_wconf 79' lang='lat' dir='ltr'>christianae</span> <span class='ocrx_word' id='word_1_402' title='bbox 1337 2503 1555 2554; x_wconf 68' lang='lat' dir='ltr'>religionis</span> <span class='ocrx_word' id='word_1_403' title='bbox 1589 2505 1875 2553; x_wconf 89' lang='lat' dir='ltr'>augmentum,</span> 
     </span>
     <span class='ocr_line' id='line_1_86' title="bbox 1057 2558 1875 2600; baseline 0.001 -2"><span class='ocrx_word' id='word_1_404' title='bbox 1057 2558 1315 2600; x_wconf 65' lang='lat' dir='ltr'>auctoritate</span> <span class='ocrx_word' id='word_1_405' title='bbox 1364 2558 1538 2599; x_wconf 90' lang='lat' dir='ltr'>Domini</span> <span class='ocrx_word' id='word_1_406' title='bbox 1592 2559 1729 2599; x_wconf 91' lang='lat' dir='ltr'>nostri</span> <span class='ocrx_word' id='word_1_407' title='bbox 1772 2559 1875 2599; x_wconf 88' lang='lat' dir='ltr'>Jesu</span> 
     </span>
     <span class='ocr_line' id='line_1_87' title="bbox 1058 2613 1874 2667; baseline 0 -13"><span class='ocrx_word' id='word_1_408' title='bbox 1058 2613 1238 2663; x_wconf 89' lang='lat' dir='ltr'>Christi,</span> <span class='ocrx_word' id='word_1_409' title='bbox 1287 2614 1514 2656; x_wconf 90' lang='lat' dir='ltr'>beatorum</span> <span class='ocrx_word' id='word_1_410' title='bbox 1559 2614 1874 2667; x_wconf 90' lang='lat' dir='ltr'>Apostolorum</span> 
     </span>
     <span class='ocr_line' id='line_1_88' title="bbox 1055 2669 1872 2720; baseline 0 -10"><span class='ocrx_word' id='word_1_411' title='bbox 1055 2669 1173 2711; x_wconf 91' lang='lat' dir='ltr'>Petri</span> <span class='ocrx_word' id='word_1_412' title='bbox 1201 2676 1244 2712; x_wconf 88' lang='lat' dir='ltr'>et</span> <span class='ocrx_word' id='word_1_413' title='bbox 1267 2671 1405 2720; x_wconf 88' lang='lat' dir='ltr'>Pauli,</span> <span class='ocrx_word' id='word_1_414' title='bbox 1434 2684 1484 2712; x_wconf 91' lang='lat' dir='ltr'>ac</span> <span class='ocrx_word' id='word_1_415' title='bbox 1509 2676 1659 2712; x_wconf 87' lang='lat' dir='ltr'>nostra</span> <span class='ocrx_word' id='word_1_416' title='bbox 1684 2670 1872 2711; x_wconf 74' lang='lat' dir='ltr'>declara-</span> 
     </span>
     <span class='ocr_line' id='line_1_89' title="bbox 1055 2725 1872 2778; baseline 0.001 -13"><span class='ocrx_word' id='word_1_417' title='bbox 1055 2738 1170 2775; x_wconf 91' lang='lat' dir='ltr'>mus,</span> <span class='ocrx_word' id='word_1_418' title='bbox 1202 2727 1530 2778; x_wconf 73' lang='lat' dir='ltr'>pronuntiamus</span> <span class='ocrx_word' id='word_1_419' title='bbox 1560 2731 1603 2768; x_wconf 93' lang='lat' dir='ltr'>et</span> <span class='ocrx_word' id='word_1_420' title='bbox 1631 2725 1872 2767; x_wconf 91' lang='lat' dir='ltr'>definimus:</span> 
     </span>
    </p>
   </div>
   <div class='ocr_carea' id='block_1_5' title="bbox 129 155 1931 2833">
    <p class='ocr_par' dir='ltr' id='par_1_13' title="bbox 129 155 1931 2833">
     <span class='ocr_line' id='line_1_90' title="bbox 129 155 1931 2833; baseline 0 0"><span class='ocrx_word' id='word_1_421' title='bbox 129 155 1931 2833; x_wconf 95' lang='lat' dir='ltr'> </span> 
     </span>
    </p>
   </div>
  </div>
 </body>
</html>
