2080 2990
605 227 783 260 Officium
807 228 981 261 votivum
1006 227 1053 260 de
1080 228 1230 261 Sanctis

206 326 514 367 Clamaverunt
546 324 665 375 justi,
698 329 742 365 et
767 324 982 364 Deminus

155 381 378 423 exaudivit
397 394 491 422 eos:
509 381 533 406 *
555 384 599 421 et
618 392 673 420 ex
690 379 892 421 emnibus
910 379 982 420 tri-

154 437 451 479 bulationibus
471 438 623 477 eerum
641 434 843 476 liberavit
862 448 950 476 eos.

205 493 336 534 Juxta
355 497 423 534 est
440 492 656 534 Deminus
673 491 738 539 iis,
758 492 832 542 qui
850 491 982 533 tribu-

154 548 245 590 lato
270 554 371 590 sunt
395 548 544 590 corde:
569 548 593 573 *
620 552 664 588 et
687 546 874 588 humiles
898 550 982 599 spi-

154 605 239 646 ritu
267 605 465 646 salvabit.

206 660 358 701 Multae
380 659 686 701 tribulatienes
711 659 941 710 justorum:
959 659 983 684 *

156 721 200 757 et
232 715 287 757 de
325 715 526 757 Omnibus
561 715 630 756 his
665 714 870 757 liberabit
906 727 983 755 eos

154 771 380 812 Deminus.

206 827 409 868 Custedit
444 827 659 868 Deminus
696 827 842 867 emnia
882 839 985 867 ossa

156 884 323 923 cerum:
347 883 371 908 *
394 896 528 923 unum
553 895 608 924 ex
631 882 700 923 his
725 895 814 923 non
839 887 983 923 conte-

154 939 284 980 retur.

206 994 327 1035 Mors
352 996 635 1047 peccaterum
661 994 867 1046 pessima:
892 995 915 1020 *
941 998 984 1035 et

157 1050 232 1101 qui
250 1050 438 1091 oderunt
457 1051 626 1101 justum,
646 1050 913 1102 delinquent.

207 1105 413 1146 Redimet
444 1106 660 1146 Dominus
698 1106 865 1146 animas
898 1118 984 1146 ser—

155 1163 311 1202 verum
321 1163 515 1202 suerum:
530 1162 554 1188 *
570 1166 615 1202 et
628 1174 717 1202 non
729 1161 986 1213 delinquent

157 1228 309 1258 omnes
329 1217 403 1268 qui
423 1221 601 1269 sperant
618 1218 663 1258 in
683 1230 747 1258 eo.

210 1283 307 1323 Ant.
328 1281 576 1323 Laudemus
590 1282 839 1331 Dominum,
855 1294 985 1333 quem

154 1336 334 1378 laudant
353 1337 520 1388 Angeli,
542 1350 672 1389 quem
688 1338 923 1379 Cherubim
942 1343 985 1379 et

153 1392 397 1445 Seraphim,
424 1394 625 1443 Sanctus,
652 1395 853 1442 Sanctus,
881 1394 983 1434 San-

156 1452 252 1489 ctus
270 1449 558 1500 proclamant.

211 1515 260 1561 V.
284 1512 498 1555 Ascendit
515 1514 659 1555 fumus
679 1516 923 1556 aromatum
942 1515 985 1555 in

156 1570 397 1621 conspectu
428 1570 615 1610 Domini.
667 1571 716 1622 R.
754 1571 822 1611 De
853 1584 986 1611 manu

155 1624 325 1676 Angeli.

158 1702 223 1742 De
241 1701 451 1743 Sermene
471 1703 610 1744 sancti
625 1703 827 1754 Gregorii
839 1703 985 1756 Papae.

303 1763 361 1798 Ex
377 1761 549 1797 Homilia
565 1762 619 1797 34.
636 1762 674 1797 in
692 1762 837 1805 Evang.

458 1817 609 1859 Lectio
629 1818 682 1857 iv.

166 1880 271 1917 f&
284 1876 356 1917 uia
373 1876 644 1927 Angelerum
664 1878 840 1920 nomina
857 1878 985 1919 inter-

192 1926 253 1974 Γ·,
274 1960 277 1967 2
301 1931 517 1984 pretando
541 1934 892 1986 perstrinximus,
918 1948 986 1975 su-

160 1988 179 2008 *
211 2003 220 2005 1
301 1993 460 2039 perest,
478 1993 527 2029 ut
540 1989 637 2040 ipsa
652 1989 898 2030 officierum
911 2003 985 2031 vo-

157 2041 314 2084 cabula
338 2042 529 2085 breviter
553 2047 854 2096 exsequamur.
887 2046 983 2087 Vir-

155 2100 273 2139 tutes
292 2099 453 2140 etenim
470 2102 684 2142 vocantur
703 2100 765 2141 illi
782 2101 986 2142 nimirum

156 2153 348 2205 spiritus,
366 2167 447 2207 per
467 2167 580 2207 quos
599 2156 722 2206 signa
741 2161 785 2198 et
802 2157 985 2198 miracu-

155 2208 199 2249 la
242 2209 512 2260 frequentius
557 2211 676 2253 fiunt.
734 2213 984 2254 potestates

158 2266 288 2307 etiam
306 2268 519 2307 vocantur
537 2266 598 2316 hi,
627 2268 702 2318 qui
726 2267 811 2309 hoc
834 2271 985 2320 poten-

155 2320 242 2362 tius
262 2321 417 2363 ceteris
441 2321 485 2361 in
504 2334 584 2362 suo
605 2322 758 2364 erdine
777 2325 985 2376 percepe-

158 2381 272 2427 runt,
297 2382 346 2418 ut
365 2379 517 2418 eerum
535 2376 691 2419 ditioni
708 2379 893 2420 virtutes
913 2378 985 2419 ad-

157 2433 298 2473 versae
327 2432 535 2484 subjectae
563 2433 665 2482 sint,
699 2446 886 2485 quorum
909 2446 985 2485 po-

157 2490 316 2529 testate
335 2487 632 2538 refraenantur,
651 2502 733 2530 nec
755 2488 892 2530 corda
910 2488 984 2529 he-

157 2543 322 2583 minum
339 2548 508 2585 tantum
520 2547 690 2585 tentare
704 2544 986 2597 praevaleant,

160 2603 369 2649 quantum
386 2599 550 2640 volunt.

211 2660 260 2710 Rz·
291 2662 453 2703 Omnes
472 2662 630 2714 Angeli
652 2663 827 2705 stabant
845 2663 888 2702 in
907 2662 985 2702 cir-

159 2717 278 2759 cuitu
299 2717 460 2767 throni,
486 2723 529 2760 et
553 2720 787 2768 senierum,
814 2723 858 2759 et
884 2719 985 2768 qua-

1256 229 1427 269 Angelis,

1035 328 1138 364 tuor
1157 323 1421 364 animalium:
1442 328 1462 348 ²*
1475 324 1533 365 Et
1553 323 1805 365 ceciderunt
1823 325 1867 365 in

1038 381 1278 431 conspectu
1296 379 1443 420 throni
1460 380 1505 420 in
1522 380 1658 421 facies
1682 393 1798 429 suas,
1824 386 1868 422 et

1037 435 1333 477 adoraverunt
1376 437 1530 477 Deum.
1587 433 1633 482 Y.
1666 436 1867 479 Adorate

1037 491 1276 532 Deminum
1300 491 1633 587 orqnestiffnvgeli
1658 493 1759 543 ejus.
1799 494 1867 535 Et.

1122 602 1361 655 rincipatus
1375 562 1520 644 etiam
1538 580 1766 653 xssoeAntur,
1794 605 1867 656 qui

1131 658 1239 710 ipsis
1259 671 1436 710 quoque
1454 659 1581 700 bonis
1597 659 1867 710 Ange16rum

1038 713 1265 766 spiritibus
1298 720 1511 767 praesunt,
1552 715 1626 766 qui
1662 715 1867 767 subjectis

1039 770 1133 810 aliis
1175 770 1280 811 dum
1322 783 1510 822 quaeque
1554 775 1654 811 sunt
1697 771 1868 822 agenda

1038 824 1295 877 disponunt,
1322 827 1384 867 eis
1409 826 1465 868 ad
1485 825 1701 878 explenda
1722 826 1868 868 divina

1038 881 1277 923 ministeria
1307 882 1621 934 principantur.
1660 884 1866 924 Domina-

1037 939 1179 980 tienes
1206 944 1353 980 autem
1378 940 1606 988 vocantur,
1640 939 1714 990 qui
1739 940 1869 980 etiam

1037 997 1284 1046 potestates
1307 994 1632 1046 principatuum
1653 994 1867 1035 dissimili-

1037 1052 1189 1093 tudine
1235 1052 1323 1093 alta
1367 1051 1694 1093 transcendunt.
1754 1053 1868 1093 Nam

1037 1108 1275 1159 principari
1302 1112 1370 1148 est
1396 1107 1508 1148 inter
1535 1108 1729 1159 reliquos
1754 1109 1868 1160 prio-

1038 1176 1131 1204 rem
1159 1166 1383 1204 exsistere:
1417 1162 1631 1204 dominari
1663 1176 1768 1204 vero
1802 1170 1869 1205 est

1039 1219 1170 1259 etiam
1184 1219 1404 1270 subjectos
1418 1231 1617 1270 quosque
1628 1218 1868 1271 possidere.

1039 1274 1205 1315 Throni
1243 1287 1419 1325 quoque
1457 1274 1531 1314 illa
1564 1275 1736 1325 agmina
1768 1281 1869 1316 sunt

1038 1332 1210 1379 vocata,
1239 1329 1397 1381 quibus
1421 1329 1478 1370 ad
1498 1330 1743 1371 exercenda
1762 1330 1867 1382 judi-

1039 1387 1106 1428 cia
1125 1398 1299 1437 semper
1317 1386 1438 1426 Deus
1459 1388 1738 1438 omnipotens
1757 1389 1868 1438 prae—

1039 1442 1162 1483 sidet.
1196 1440 1323 1483 Unde
1346 1446 1390 1482 et
1412 1454 1492 1493 per
1510 1442 1788 1483 Psalmistam
1807 1441 1868 1483 di-

1039 1499 1164 1539 citur:
1202 1497 1340 1538 Sedes
1372 1510 1505 1549 super
1535 1497 1756 1547 thronum,
1795 1498 1869 1550 qui

1038 1553 1205 1605 judicas
1225 1554 1489 1605 aequitatem.

1094 1611 1144 1662 R.
1184 1610 1313 1651 Stetit
1349 1609 1545 1659 Angelus
1590 1610 1708 1660 juxta
1749 1622 1869 1650 aram

1038 1665 1202 1717 templi,
1221 1665 1388 1706 habens
1405 1664 1675 1706 thuribulum
1690 1668 1869 1706 aureum

1038 1721 1082 1760 in
1100 1734 1232 1761 manu
1251 1733 1339 1770 sua,
1362 1725 1406 1761 et
1426 1719 1530 1761 data
1550 1725 1650 1761 sunt
1669 1721 1708 1761 ei
1727 1721 1868 1761 incen-

1039 1789 1088 1816 sa
1105 1776 1258 1817 multa:
1280 1779 1301 1800 *
1318 1776 1375 1817 Et
1394 1775 1593 1816 ascendit
1611 1775 1754 1816 fumus
1775 1778 1867 1816 aro-

1039 1837 1205 1872 matum
1224 1830 1279 1871 de
1297 1844 1428 1871 manu
1447 1830 1633 1880 Angeli·
1623 1844 1666 1870 111
1686 1833 1867 1882 conspe-

1041 1892 1115 1928 ctu
1139 1886 1328 1927 Demini.
1364 1881 1413 1931 V.
1438 1887 1488 1926 In
1515 1887 1755 1937 conspectu
1779 1887 1866 1926 An-

1039 1942 1238 1994 gelorum
1260 1940 1446 1993 psallam
1467 1941 1562 1983 tibi:
1587 1941 1784 1982 adorabo
1810 1941 1867 1982 ad

1038 1997 1251 2050 templum
1276 2002 1475 2038 sanetum
1499 2002 1637 2046 tuum,
1666 2002 1710 2038 et
1734 1997 1865 2038 confi-

1038 2053 1166 2095 tebor
1183 2052 1347 2093 nomini
1365 2058 1442 2094 tuo
1461 2053 1660 2094 Demine.
1687 2052 1756 2093 Et.

1342 2111 1492 2151 Lectio
1513 2111 1565 2150 vi.

1114 2163 1313 2205 herubim
1335 2176 1512 2215 quoque
1534 2162 1764 2215 plenitudo
1788 2162 1866 2202 sci-

1147 2220 1277 2260 entiae
1313 2218 1490 2268 dicitur3
1531 2223 1576 2259 et
1611 2217 1867 2259 sublimiera

1038 2275 1112 2316 illa
1140 2275 1313 2325 agmina
1338 2275 1505 2316 idcirco
1532 2273 1766 2315 Cherubim
1794 2284 1866 2312 vo-

1039 2333 1138 2372 cata
1169 2335 1288 2380 sunt,
1326 2330 1427 2382 quia
1459 2334 1583 2371 tanto
1615 2327 1866 2381 perfectiori

1039 2386 1219 2426 scientia
1232 2386 1364 2438 plena
1382 2390 1494 2434 sunt,
1515 2389 1678 2436 quanto
1698 2382 1865 2423 clarita-

1037 2446 1127 2482 tem
1160 2442 1245 2482 Dei
1280 2442 1463 2482 vicinius
1500 2438 1865 2490 contemplantur.

1037 2496 1266 2548 Seraphim
1290 2497 1422 2538 etiam
1448 2497 1660 2536 vocantur
1682 2493 1756 2534 illa
1781 2493 1865 2544 spi-

1038 2555 1200 2593 rituum
1220 2554 1471 2593 sancterum
1490 2550 1672 2600 agmina,
1692 2561 1791 2600 quae
1811 2559 1866 2588 ex

1038 2607 1248 2671 singulari
1266 2605 1595 2659 propinquitate
1614 2602 1865 2645 conditoris

1038 2663 1106 2703 sui
1145 2660 1479 2714 incomparabili
1515 2658 1670 2700 ardent
1705 2659 1864 2698 amere.

1038 2716 1266 2769 Seraphim
1286 2727 1475 2767 namque
1495 2714 1698 2755 ardentes
1717 2711 1815 2753 vel
1804 2725 1864 2751 111-
